3758 6224
71 297 75 308 ¹
115 287 149 342 'ib
717 275 932 338 unbvlnttltltl
952 274 1140 336 nortttctltt.
1720 281 1757 334 ro

114 420 193 471 otrus,
214 375 264 473 nui
278 403 350 458 venit
371 401 397 456 in
420 399 529 455 nbmine
554 397 672 453 bomini.
691 396 722 451 P.
740 397 772 452 Et
789 396 823 452 ile
842 395 906 450 Sion
921 389 945 450 Α
959 390 1022 457 ties,
1038 395 1046 417 ·
1065 394 1117 464 19
1132 393 1186 448 toti
1200 392 1245 449 (lie
1259 368 1286 449 ext
1302 395 1357 449 roll
1372 399 1451 450 noete
1473 394 1500 450 in
1520 394 1682 467 perpetuom
1701 412 1755 452 lton

116 496 191 552 lubre
205 508 263 549 noe.
283 494 298 560 5
312 531 319 547 .
332 491 444 559 Gloria,
457 500 485 546 et
496 491 582 544 borror
594 489 678 543 Petri.
693 485 726 545 P.
741 487 773 540 Ει
786 487 819 540 ric
831 486 905 542 Sion.
959 483 1096 540 tacebunt.

152 587 254 642 britio.
271 586 307 641 bo
323 583 410 652 nolis,
427 582 552 648 libutius,
569 580 704 636 lelicitlttis
718 579 813 646 giunta
828 588 909 632 mter·

993 573 1044 641 Qui
1068 573 1273 630 reminiscimini
1294 574 1446 644 bominum,
1461 591 1496 633 ne
1510 576 1632 642 tucellis,
1647 576 1664 615 ⁸
1677 588 1708 635 et
1722 596 1756 632 irc

117 697 173 748 nee,
189 690 217 736 ut
232 682 257 734 ln
275 688 300 734 te
315 692 421 748 semper
434 674 555 746 gerrdcre
570 674 713 743 possimus,
730 686 764 726 ne
778 668 907 739 desperi-
958 663 1028 720 (letis
1049 664 1197 726 silentium.
1209 665 1296 723 donec
1309 666 1436 735 stabiliet,
1450 676 1478 723 ct
1490 668 1577 724 donec
1589 679 1672 739 ponet
1688 669 1752 725 llic·

117 775 164 829 bili
181 771 289 827 tristitie
304 769 470 824 obruimur:
486 775 515 819 ιιι
531 765 559 818 in
575 762 649 817 nullo
664 762 698 816 tle
716 759 908 823 lenrporrllibus

118 861 215 918 soliciti
230 861 335 922 simos;
350 867 394 922 et,
410 856 455 925 qui
477 865 503 911 te
525 851 608 924 prope
623 866 683 907 esse
694 851 748 920 jorn
762 849 906 913 credimus,

960 755 1075 811 rrisnlem
1091 755 1197 811 lsutlem
1217 755 1244 811 in
1260 767 1339 812 terre.

995 843 1028 898 P.
1055 845 1183 900 Domino<
1209 846 1278 902 beor
1301 846 1470 917 germinibit.
1488 846 1603 917 Gloria,
1623 861 1650 905 ct
1664 849 1755 906 hortor

117 951 286 1007 mitissimum
303 959 347 1013 tc,
364 962 425 1002 crim
440 945 560 1009 verteris.
574 941 732 998 sentillnms.
757 941 793 1010 ri.
811 941 860 994 llnt
872 954 905 992 n.
959 937 1041 1004 Petri,
1057 948 1110 992 etc.
1126 936 1159 991 P.
1175 937 1305 996 bbutinus
1321 939 1391 994 lleus
1403 941 1576 1010 germinabit.

120 1011 137 1040 Ν
152 1041 300 1111 Antiphone
314 1040 340 1094 3.
358 1027 412 1094 Nos
426 1036 609 1108 ingredientes
624 1033 773 1089 videbimus
788 1030 908 1086 Sais-etb-

118 1150 174 1190 rem
200 1148 342 1200 teregnum,
371 1130 557 1186 uniuersbrum
581 1143 671 1183 rernm
696 1125 835 1180 bominum
859 1138 907 1176 no·

116 1235 212 1280 strum.
231 1222 265 1278 Ρ.
280 1220 435 1277 Adventum
458 1235 536 1274 sumn
560 1217 759 1272 monifestbtum
781 1213 908 1267 membris

117 1313 250 1368 lmmt'en'm.
271 1313 288 1381 y
301 1349 308 1364 .
320 1311 431 1382 liugnus
443 1309 571 1363 botelinus
582 1307 723 1362 laudibilis
735 1304 814 1360 nlruis
830 1305 856 1358 in
870 1303 909 1358 ci·

116 1406 198 1460 vltbtc
209 1403 273 1470 bei,
286 1402 313 1457 in
326 1412 417 1456 ruome
427 1408 521 1455 scureto
531 1398 599 1468 ejus.
611 1396 645 1453 Ρ.
658 1395 806 1453 Adventum
817 1409 907 1450 suum.

123 1496 161 1564 γ.
176 1493 266 1548 Gloria
280 1534 287 1558 ‚
301 1503 328 1548 et
341 1493 427 1547 bonor
439 1490 520 1546 Petri.
536 1488 569 1543 Ρ.
586 1487 733 1543 Adventum
748 1502 835 1541 suum.

153 1584 255 1639 Oritie.
279 1582 393 1638 Domine
416 1584 486 1637 bour
506 1580 707 1645 retributionis,
721 1581 766 1650 qui
787 1578 813 1632 in
829 1592 908 1633 cerne

119 1684 197 1729 nutus
211 1671 331 1742 bbntilis,
346 1673 379 1728 etl
392 1671 523 1742 judicium
536 1672 664 1726 uenturus
676 1668 818 1735 torribilis;
834 1668 907 1723 seluo

994 1031 1203 1087 ilotutimirium.
1229 1033 1299 1088 boos
1315 1034 1453 1088 botelinus.
1470 1032 1503 1087 P.
1521 1033 1553 1088 Et
1564 1033 1650 1089 illtixit
1661 1035 1752 1090 nobie.

972 1125 1009 1194 7.
1025 1122 1186 1178 constituite
1207 1123 1279 1178 diem
1301 1122 1448 1179 solemnem
1464 1125 1490 1178 iu
1503 1124 1647 1180 corsiensis
1666 1142 1755 1197 usqne

962 1213 995 1268 ed
1016 1227 1099 1269 eorum
1119 1213 1223 1268 ulteris.
1239 1212 1273 1267 Ρ.
1287 1214 1320 1268 tt
1334 1213 1422 1270 illtirit
1435 1213 1522 1269 nobis.
1545 1215 1563 1283 ι
1576 1253 1585 1271 .
1600 1213 1705 1283 Gloria,
1726 1228 1754 1272 et

963 1307 1050 1362 bonor
1064 1308 1146 1364 l’utri.
1161 1307 1195 1361 P.
1208 1309 1239 1362 m
1251 1307 1338 1362 illisit
1353 1308 1439 1365 nobie.

995 1399 1096 1455 bondo.
1108 1400 1225 1456 Leudbte
1236 1399 1389 1456 llbminum.
1402 1402 1449 1470 fol.
1463 1402 1507 1458 ll.
1519 1399 1671 1471 Propltetlu.
1690 1402 1753 1458 tice

960 1492 1029 1547 dicit
1059 1492 1186 1546 bbtrrinus
1205 1509 1213 1546 τ
1233 1490 1306 1547 Vstlc
1333 1492 1483 1564 ingredere.
1511 1493 1604 1560 eroere
1629 1493 1679 1562 [ol.
1706 1494 1752 1550 lii.

962 1583 1094 1656 llpnnm.
1113 1584 1182 1638 Ecce
1195 1581 1318 1637 sinum
1331 1581 1461 1649 bmnium,
1478 1582 1526 1654 pel.
1543 1584 1586 1637 ll.

997 1675 1130 1746 capitulo.
1157 1675 1314 1729 bonrinbtor
1335 1673 1521 1730 desideribilis
1545 1673 1660 1729 bbmine
1687 1672 1751 1729 iesu

118 1779 166 1820 rios
179 1763 320 1820 eredentes
336 1764 361 1818 in
377 1772 423 1818 ts:
441 1771 469 1817 ut
483 1761 613 1816 cccitbtis
630 1769 729 1815 nostru·
744 1757 875 1822 triremem,
891 1757 906 1812 b
922 1768 1075 1836 petitine,
1090 1767 1167 1837 quasi
1180 1767 1249 1836 ignis
1264 1765 1384 1820 copinam
1401 1765 1435 1821 ab
1449 1763 1546 1820 sensile
1562 1763 1750 1834 pescenninum

117 1868 143 1913 te
164 1855 337 1920 illuminem,
365 1853 476 1909 liminis
500 1853 537 1906 tui
562 1851 685 1908 cloritbte
710 1849 905 1926 prmlirlgeant5

960 1862 1009 1915 nbs
1031 1857 1155 1930 absterge
1173 1873 1180 1910 ε
1200 1867 1227 1913 et
1240 1856 1317 1928 quiesi
1333 1872 1428 1911 aurum
1444 1870 1537 1925 purum
1554 1855 1751 1926 urgcntbmpne

116 1948 231 2018 quilitet·
253 1947 359 2001 anulum
374 1944 471 2000 mentis
486 1951 586 1999 nostem
601 1943 635 1996 tle
650 1941 761 2011 operum
778 1939 907 2010 uigentem
959 1948 1110 2020 pungimur,
1133 1962 1181 2000 lltls
1195 1945 1282 2008 eruce,
1304 1944 1401 2015 tuoque
1424 1943 1612 2014 impu-lmine,
1628 1944 1662 1996 etl
1677 1958 1751 2012 qum·

116 2053 224 2109 semper
238 2039 284 2093 tibi
298 2037 476 2106 complicem.
498 2036 536 2104 ιι.
552 2035 647 2091 limen.

162 2131 200 2201 ἡ.
221 2130 278 2186 llun
293 2129 428 2186 toleretur
443 2137 577 2198 sceptrum
592 2126 626 2183 tle
640 2124 726 2189 ludi,
743 2137 792 2180 nec
805 2123 858 2178 dux
874 2123 908 2180 de

961 2039 1070 2098 reundum
1096 2036 1246 2109 tsjtlglrer,
1262 2036 1344 2091 cordi
1371 2045 1461 2091 nostre
1487 2033 1647 2091 succende:
1668 2043 1696 2088 ut
1717 2032 1750 2087 uri

959 2141 985 2188 te
999 2129 1125 2186 ardeturir
1138 2138 1229 2184 nostre
1250 2125 1383 2183 desideria
1406 2125 1543 2193 enubiletur,
1567 2124 1668 2196 tibique
1686 2139 1751 2179 eon·

120 2219 267 2276 icmbrlbue
289 2219 365 2289 cirre,
388 2218 474 2274 donec
496 2218 599 2284 vernn,
621 2217 666 2286 qui
689 2214 833 2272 mittendus
853 2221 907 2269 cst.
956 2223 1033 2296 jungi
1051 2222 1105 2277 ιοιι
1120 2221 1249 2277 aviditate
1262 2217 1399 2276 [meinent.

121 2310 153 2366 Ρ.
168 2310 202 2367 Et
216 2313 272 2381 ipsc
286 2312 338 2367 erit
352 2309 504 2379 expectitio
518 2307 654 2366 Gentium.
677 2306 714 2376 i.
731 2304 905 2374 cothronem,

116 2403 211 2461 vlnus
233 2404 279 2458 llci
303 2403 416 2469 ιιιιιιιιιί,
437 2418 469 2458 ex
487 2412 513 2458 te
527 2401 633 2472 predict
646 2400 798 2455 nominetur
812 2398 904 2456 lsroril.

996 2315 1075 2371 l‘eter
1088 2323 1190 2381 noster,
1203 2322 1257 2368 etc.

994 2408 1100 2463 Aetate
1113 2419 1162 2460 nos
1177 2405 1271 2470 libers,
1294 2412 1323 2461 et
1343 2403 1370 2459 in
1395 2413 1440 2458 tuo
1462 2400 1558 2456 timbre
1581 2398 1665 2470 bpcre
1679 2398 1750 2454 lione

118 2494 153 2550 P·
171 2497 202 2550 El
226 2499 284 2564 lpse
308 2494 369 2551 eril-
392 2495 429 2564 i·
445 2493 553 2561 Gloria,
577 2501 605 2549 el
628 2493 715 2547 honor
742 2491 829 2559 Petri,
852 2503 905 2546 0¹0·
958 2512 1007 2553 nos
1028 2495 1169 2563 conilrmn,
1193 2495 1310 2550 Trinitas
1330 2494 1399 2549 lteus
1414 2502 1515 2558 noster,
1532 2491 1576 2560 qui
1590 2505 1621 2545 es
1636 2489 1748 2545 benoni·

121 2588 262 2645 llciteritur
283 2587 319 2656 ri.
336 2587 393 2642 Non
407 2585 543 2642 coleretur
562 2592 697 2654 sceptrum
713 2582 746 2640 tle
760 2582 840 2638 tuot.

419 2698 450 2753 in
468 2699 608 2754 Laudibus.

153 2815 195 2869 ,ιιι
210 2814 353 2870 Cbnticttm.
368 2814 526 2882 Arrtlplrono.
543 2813 674 2869 borninus
689 2813 758 2869 lleus
772 2812 908 2884 germini·

119 2905 158 2962 bit
169 2905 317 2975 iustitium,
332 2915 360 2961 et
373 2905 480 2961 luulcm
494 2920 584 2961 corum
598 2903 725 2960 omnibus
740 2903 880 2960 Gentibus.

257 3064 264 3077 .
341 3016 474 3073 cultuum
488 3016 593 3089 (Esoioe
607 3017 685 3087 ιιι).

960 2596 1029 2653 ctus,
1052 2597 1079 2643 et
1094 2586 1172 2657 viris,
1187 2595 1215 2642 et
1229 2585 1319 2641 burnio
1336 2585 1406 2656 repis
1421 2584 1446 2639 in
1462 2583 1558 2638 secula
1573 2580 1749 2639 saeculbrum.

966 2679 1003 2749 tl.
1020 2678 1117 2734 Amen.

994 2769 1124 2826 llbminus
1136 2768 1171 2825 sit
1184 2782 1291 2837 semper
1304 2766 1453 2822 nobiscum.
1472 2763 1510 2832 ri.
1527 2761 1650 2817 Etcum.

996 2861 1096 2916 bouils.
1132 2858 1203 2915 llcus
1229 2855 1369 2914 munilestb
1393 2853 1492 2911 venriet.
1515 2852 1564 2924 sol.
1588 2850 1617 2906 8.
1644 2851 1748 2906 Oratio.

961 2953 1033 3011 Deus
1046 2951 1092 3024 qui
1105 2952 1205 3009 tubum.
1223 2949 1317 3018 Qunre
1326 2947 1406 3017 inssi.

1255 3043 1295 3096 Au
1313 3039 1451 3112 Vesperor.

152 3132 277 3188 Gilldesss
291 3131 412 3200 l²¹¹ds³¹l⁰
436 3131 462 3186 5¹¹
479 3131 592 3186 0⁶ss¹i¹¹⁰
606 3170 614 3196 ι
629 3135 638 3154 “
654 3129 786 3185 mistim!
799 3126 909 3198 Sillim!
924 3144 946 3203 c
998 3135 1098 3191 Loudm
1114 3134 1215 3190 Aeolis
1228 3143 1299 3188 ortu.
1321 3131 1478 3196 tnrtplmr.
1495 3127 1587 3184 llbniet
1600 3124 1748 3182 Dominus.

117 3240 192 3281 mem
206 3225 232 3278 in
249 3224 303 3278 beo
316 3223 426 3277 salutbri
441 3236 522 3278 meo:

151 3312 217 3380 outa
232 3313 318 3368 induit
331 3327 373 3368 me
386 3311 546 3367 vestime'mo
557 3310 652 3366 solutis
665 3325 673 3364 ε
689 3314 696 3332 ·
710 3317 738 3362 et
751 3307 908 3362 intlumc'nto

115 3402 293 3473 jocunditbtis
308 3401 486 3456 circumdedit
501 3416 561 3467 me,

153 3493 235 3560 Quasi
260 3506 387 3562 sponsum
414 3491 568 3547 demultum
597 3504 718 3556 corone,
744 3494 753 3514 '
780 3499 807 3546 et
833 3491 909 3559 quasi

117 3599 243 3656 sponsum
267 3585 388 3640 orituram
415 3585 559 3639 monilibus
584 3585 648 3639 suis.

154 3673 229 3730 Sicut
243 3675 314 3730 euim
330 3684 400 3731 terro
416 3673 517 3744 prolert
530 3689 640 3744 germen
661 3690 754 3740 suum,
770 3681 778 3701 ·
794 3685 821 3730 et
840 3678 909 3730 sicut

118 3766 213 3822 hortus
226 3781 318 3821 semen
334 3781 411 3822 suum
424 3766 557 3837 germinat
571 3781 579 3830 ;

155 3859 201 3915 Sic
221 3857 348 3914 llbunnus
368 3860 438 3916 beus
451 3859 613 3929 germinibit
628 3861 637 3882 ⁶
650 3859 780 3929 justitiam
800 3870 828 3917 et
847 3861 908 3918 lau·

119 3953 180 4008 dem
197 3967 285 4008 coram
300 3953 425 4010 cluiuilius
440 3954 583 4012 Gentibus.

155 4044 268 4115 Propter
281 4046 347 4102 Sion
363 4060 415 4102 non
430 4046 538 4114 tacebo,
554 4049 563 4070 ·
579 4055 606 4103 et
620 4055 729 4117 propter
743 4046 908 4105 llierbselem

118 4153 172 4192 nou
187 4137 342 4208 qttibseum,

154 4228 246 4284 botruo
258 4229 413 4300 egredietur
428 4231 640 4302 sictut-splendor
658 4231 746 4301 iustus
764 4231 842 4300 eius,
882 4243 909 4288 ct

118 4320 233 4374 salvetur
248 4322 306 4389 ejus
322 4333 350 4377 ut
365 4323 452 4380 siculo
467 4326 638 4382 neceruditur.

154 4411 188 4464 Et
202 4410 328 4467 vtoebmn
342 4412 442 4472 Gentes
454 4419 556 4486 justum
573 4430 668 4487 tuum,
685 4426 694 4447 ⁶
709 4428 738 4477 et
756 4422 845 4476 cunuti
868 4437 910 4478 rc-

118 4516 165 4572 ges
180 4503 306 4572 inclytum
322 4515 415 4564 tumne

155 4593 190 4648 Et
210 4594 349 4651 vocibitur
370 4598 417 4654 tibi
441 4614 538 4658 nomen
563 4617 681 4670 norum,
697 4608 708 4632 ·
722 4605 793 4675 qrrotl
808 4619 839 4661 os
853 4604 908 4662 bo·

119 4683 183 4738 mini
198 4686 354 4741 nominbbit.

155 4775 187 4828 Ει
205 4776 257 4830 eris
271 4776 369 4833 cotom
384 4777 475 4848 glirim
490 4780 515 4835 in
532 4795 612 4838 muno
628 4783 756 4853 bomini,
772 4788 783 4812 ·
798 4795 826 4841 et
845 4785 908 4841 eliu·

19 4890 22 4896 ¹
118 4864 195 4921 derne
209 4869 283 4938 regui
298 4868 324 4923 in
338 4884 417 4924 merto
432 4871 478 4926 bei
494 4874 541 4930 tul.

152 4956 211 5013 Non
226 4958 364 5016 rociberis
378 4961 447 5017 ultre
461 4961 611 5021 derelicta:
649 4977 677 5023 et
693 4976 763 5024 terre
785 4978 829 5024 tue
852 4983 905 5025 non

118 5049 258 5106 rocbbitur
270 5051 384 5122 implius
398 5051 522 5108 lleseltm
537 5071 544 5108 ε

153 5139 205 5196 Sed
224 5141 364 5198 scriberis
383 5142 505 5200 voluntas
519 5159 578 5201 mee
590 5147 620 5204 in
634 5160 683 5210 ee.
700 5147 751 5204 'et
770 5156 840 5205 term
861 5157 905 5205 tur

118 5227 322 5288 iubebitibltor.

154 5319 289 5378 lleblttbit
302 5325 373 5380 enim
386 5324 493 5394 juvenis
507 5339 568 5383 cum
584 5327 704 5400 virgine,
725 5333 735 5354 ·
755 5340 783 5387 et
798 5330 905 5387 inlnbi·
933 5295 939 5302 .

119 5407 212 5465 tibunt
225 5410 252 5466 in
266 5421 292 5466 to
305 5413 353 5468 ulit
366 5415 413 5470 tui.

154 5501 314 5561 sicutenim
330 5506 430 5577 giudet
443 5524 558 5580 sponsus
573 5524 655 5581 snper
668 5527 795 5582 sponsum
810 5530 905 5586 suom,

120 5595 184 5648 'sic
195 5594 319 5664 gaudebit
334 5597 461 5668 bpmlnus
475 5602 545 5659 lleur
559 5612 621 5660 turus
630 5620 714 5677 super
727 5615 761 5662 te.

157 5684 243 5757 Super
268 5703 360 5745 muros
385 5702 444 5749 tuot
470 5693 637 5755 llicrirsnlem
661 5698 789 5756 consului
812 5703 906 5759 custo·

961 3227 1061 3283 bonde
1076 3223 1217 3283 bettonem
1231 3233 1314 3290 tuem,
1329 3222 1375 3293 [ol.
1387 3219 1413 3275 8.

1264 3314 1412 3386 ¹ilprrtrtur.

1065 3409 1140 3464 ltine
1153 3409 1301 3471 uobiscum.
1318 3406 1452 3462 Dontinet

1030 3499 1141 3556 Noctem
1152 3498 1292 3554 obscurum
1304 3496 1436 3552 remorer

1030 3589 1250 3646 bnmetlelictum
1266 3588 1347 3646 bblue
1365 3599 1373 3638 :

1031 3681 1077 3737 l’ie
1096 3680 1228 3735 mellillam
1243 3679 1342 3736 tribue.

983 3832 986 3839 ,
1067 3773 1151 3838 Quem
1163 3775 1218 3842 lum
1230 3771 1336 3827 venisse
1346 3771 1493 3838 credimus,

1032 3861 1130 3916 neuere
1146 3860 1209 3915 item
1225 3859 1368 3926 nocturum

1032 3954 1227 4023 sceptrumque
1240 3962 1314 4008 tuum
1327 3951 1456 4025 iuclytum

1032 4043 1090 4098 Tuo
1103 4043 1216 4100 deiende
1229 4045 1336 4114 clypeo.

1066 4132 1136 4195 Vite.
1148 4134 1229 4200 selus,
1240 4146 1268 4189 ct
1280 4134 1379 4190 veritae

1032 4222 1149 4290 Cbriste.
1163 4225 1289 4295 rogirrtes
1303 4223 1400 4294 injure
1418 4239 1426 4279 r

1029 4316 1163 4386 llymnum
1178 4314 1307 4371 sortientes
1319 4315 1419 4385 ltibilu.

1033 4407 1124 4462 chum
1138 4409 1276 4462 villelmus
1290 4408 1435 4463 lubricum.

1069 4503 1123 4558 beo
1135 4503 1205 4557 l‘etri
1219 4503 1254 4558 sit
1268 4501 1365 4572 gibrin.

996 4596 1167 4666 snpplicatio.
1187 4596 1301 4651 oremus
1320 4595 1528 4667 Redemptbrem
1542 4596 1634 4651 munli
1657 4596 1752 4655 Domi·

961 4703 1024 4743 num
1051 4697 1171 4744 nostrum
1193 4688 1284 4742 lesum
1308 4686 1458 4765 Christum,
1480 4703 1541 4742 curn
1553 4689 1628 4743 mnrri
1643 4690 1750 4761 suppli·

960 4781 1065 4836 cetibne
1090 4782 1226 4851 rogemus,
1248 4791 1276 4836 ιιι
1290 4797 1339 4836 nos
1353 4782 1437 4852 pretii
1452 4780 1589 4837 Adventus
1603 4781 1645 4837 sui
1660 4783 1753 4854 propl-

961 4871 1014 4927 tius
1026 4871 1172 4942 justillebre
1186 4871 1320 4943 ligneum.
1343 4872 1380 4941 tp.
1396 4869 1495 4927 l'raesrr
1510 4871 1612 4928 aterne
1625 4872 1752 4944 omnipo·

962 4975 1022 5021 lene
1036 4964 1115 5020 Dese.

996 5052 1071 5108 Dicat
1083 5051 1229 5124 Presbyter.
1242 5051 1322 5125 llyrie
1335 5053 1448 5109 sielsoe.
1466 5052 1505 5110 ri.
1517 5053 1624 5110 cbristo
1635 5053 1752 5111 eleison.

960 5144 1042 5218 llyrle
1053 5144 1166 5200 eleison.

994 5239 1125 5310 Copltulo.
1147 5238 1259 5295 bomine
1277 5238 1340 5295 lesu
1360 5236 1476 5307 Christe,
1488 5238 1533 5309 qrri
1551 5237 1693 5308 assumpto
1704 5237 1753 5293 Ιιὸ·

960 5332 1033 5388 mine
1049 5330 1187 5387 bominum
1206 5330 1346 5401 susceptor
1358 5329 1469 5386 effictus
1481 5331 1508 5387 ln
1524 5331 1609 5385 lucem
1624 5328 1751 5389 Gentium

962 5424 1042 5481 dotus
1055 5439 1105 5491 es;
1129 5423 1203 5494 iperi
1226 5423 1319 5479 oeulos
1341 5421 1463 5484 coritium
1486 5422 1514 5478 in
1537 5431 1564 5477 te
1583 5419 1752 5477 credentium

961 5516 1129 5587 pnpmorum,
1155 5523 1238 5583 etque
1264 5513 1391 5568 bbstrulre
1414 5511 1567 5570 ntisbricors
1586 5510 1621 5567 tle
1641 5512 1752 5567 conclu·
1795 5550 1797 5555 -

960 5608 1038 5664 sione
1053 5606 1180 5677 religitos
1192 5605 1280 5660 edituro
1301 5605 1413 5662 viriculis
1427 5594 1583 5662 uirtutium
1599 5616 1608 5657 ε
1628 5611 1667 5670 ct,
1683 5619 1751 5673 uuus

961 5698 1082 5757 indomc
1095 5697 1214 5756 cbreerit
1226 5696 1339 5754 detineri
1352 5696 1487 5769 conspicis
1501 5697 1528 5752 ln
1542 5695 1662 5752 tenebris
1672 5694 1751 5767 iguo·
