3758 6224
123 309 193 365 iu'b
592 301 829 364 SANCTORALE.
850 333 883 344 -
907 300 1014 359 iustu
1035 303 1205 363 tnuustttt.

121 437 169 490 pro
184 428 222 481 tc,
237 427 265 472 et
280 416 393 486 puputus
405 431 454 485 pru
465 415 553 473 unitus
570 426 624 473 tuu.
640 417 698 474 Noli
721 417 831 485 timere,
845 416 912 488 quu·
929 416 953 478 Α
1036 415 1087 473 but
1102 433 1159 485 urs,
1175 417 1264 488 thure,
1280 428 1307 475 et
1321 417 1422 490 cespite

121 513 191 564 uiam
208 519 294 563 tecum
309 523 359 578 egr·
373 523 443 565 sum.
459 506 523 564 iimc
544 507 674 563 Durninus
695 507 759 564 uicit
774 508 876 565 iuciens
889 519 918 567 et
1035 512 1319 584 Prccunusjamuuuc
1332 515 1448 583 esttibi,

120 605 239 656 turrinus
251 612 287 667 te,
299 600 334 655 sb
344 601 419 654 uteru
430 600 572 656 suxiiibtcr
582 609 657 656 tuus:
669 601 723 657 nuli
736 601 830 656 timurc
838 616 916 658 serre
1036 609 1088 662 Aut
1100 621 1173 662 murs
1186 605 1281 663 iue‘ndu
1293 607 1426 679 sunguine

119 708 196 747 nicus
212 690 296 747 taccu
314 690 476 758 rectissime,
495 705 576 759 quem
591 690 670 765 elegi.
685 690 828 746 Effundam
842 691 914 749 euim
1069 697 1216 769 Respbnuit
1232 699 1276 756 iiis
1288 699 1472 757 altrinsecus:

118 798 214 852 crqrrum
226 780 456 850 supersilientem,
465 779 600 836 ntuuuntu
610 796 691 852 super
701 781 914 839 iridummuun·
1035 789 1092 858 Age
1106 802 1170 859 ergo
1186 788 1311 860 quicquid
1327 789 1436 859 uirium,

118 877 180 927 carn
195 872 265 928 enim
275 870 397 941 spiritum
409 885 497 926 meum
508 885 589 941 super
598 886 691 928 semen
703 882 823 940 tuum,et
832 873 916 930 benc-
1034 879 1166 951 Quicquid
1181 883 1321 952 potentius
1335 880 1382 937 tibi
1395 892 1448 950 cst,

118 965 263 1019 uictiriuem
273 978 360 1020 meum
372 977 453 1032 super
461 963 571 1034 stirpem
584 972 667 1020 tuum.
682 964 915 1037 Etsscrmiriubunt
1035 971 1129 1029 Puium
1146 974 1273 1044 reluctor,
1287 975 1413 1032 exerce·

119 1055 191 1109 inter
205 1053 319 1120 berbas,
332 1053 407 1122 quusi
422 1051 521 1111 silices
532 1053 609 1126 justa
626 1053 740 1115 fluentes
755 1071 849 1130 aquas.
873 1058 912 1128 ti·
1017 1051 1023 1071 ⁸
1072 1066 1131 1123 Vox
1146 1074 1238 1122 nostru
1252 1081 1313 1136 num
1324 1067 1359 1123 sit
1372 1066 1483 1138 incipe:

118 1150 217 1202 Amen.
1034 1159 1069 1215 Et
1081 1158 1215 1227 Christus,
1231 1169 1259 1216 et
1272 1159 1352 1219 Pater
1367 1168 1410 1217 est
1426 1160 1506 1224 uicus,

453 1235 583 1309 Hymnus.

230 1351 313 1409 Beite
328 1353 427 1424 uartyr
441 1352 570 1424 pruspers

191 1443 264 1498 Dium
280 1443 480 1512 triumphuietu,

189 1537 247 1604 Qun
260 1535 396 1605 sunguiuis
411 1550 514 1592 merces
528 1536 595 1606 tibi,

189 1629 295 1682 Currum
312 1627 435 1683 Vincenti
449 1628 540 1687 untur.
654 1614 657 1620 ’

228 1718 277 1774 iiic
287 1729 314 1776 te
325 1734 357 1776 er
373 1719 491 1779 tenebris
502 1722 606 1790 saecuii,

188 1808 301 1864 Turture
314 1810 396 1876 rictu,
411 1817 438 1864 et
448 1808 556 1879 judice,

189 1901 283 1956 Erc'rit
294 1900 327 1955 nd
342 1901 438 1958 coeium
451 1901 521 1967 dies,

186 1993 345 2064 Curistbquc
357 1992 483 2050 muntem
499 1992 625 2051 reddidit.

225 2085 299 2139 Nunc
312 2084 477 2154 Anpelurum
491 2084 635 2158 purticnps,

186 2177 262 2233 Nunc
271 2177 339 2234 lucis
352 2176 464 2250 insignis
476 2177 557 2246 stulu,

185 2270 270 2336 Quum
285 2269 360 2325 testis
375 2269 547 2328 intenibilis

187 2361 262 2418 utitis
275 2362 381 2418 crubris
392 2361 509 2419 luterus.

225 2438 292 2510 cuni
308 2463 334 2512 n
347 2455 456 2512 sancires
469 2455 550 2523 rusti,

184 2546 347 2602 Praecinctus
361 2548 427 2602 utris
441 2547 560 2620 iegibus,

184 2637 272 2692 Liturc
284 2637 336 2694 «iiis
347 2636 473 2695 Gentium

187 2731 272 2786 Percu
292 2731 393 2788 catinis
406 2731 525 2804 cuperet.
575 2722 576 2727 ¹

222 2824 260 2879 Ac
277 2824 360 2879 rerbn
373 2824 527 2895 Principum
538 2825 613 2882 mnili

182 2914 327 2970 Suade'udu
339 2915 436 2973 biunde
449 2916 554 2987 effudit,

184 3007 212 3060 Ιιι
224 3006 341 3062 cutustus
356 3022 390 3064 ne
403 3008 457 3064 rite

182 3097 277 3153 Libera
294 3109 366 3167 rnptt
380 3098 497 3156 ducibui.

219 3193 286 3259 uter,
301 3191 397 3264 iuquit,
411 3193 545 3250 munimus
558 3193 648 3264 Orbis,

182 3282 231 3349 Qui
247 3292 352 3354 sceptra
367 3293 454 3356 gestat
464 3283 606 3354 Romulei,

183 3374 292 3431 Serrire
307 3376 398 3431 sanxit
412 3376 502 3433 burnis

183 3463 283 3519 Priscis
299 3464 411 3519 cicurum
425 3464 553 3521 cultibus.

220 3555 273 3609 Vns
287 3554 415 3615 uacarent,
427 3555 562 3621 adsistite,

182 3646 326 3716 Picumnus
340 3657 366 3702 et
381 3649 461 3702 ritum
475 3645 606 3717 spernite,

183 3736 244 3793 iiuc
261 3751 336 3802 suns,
352 3752 412 3807 quae
427 3738 549 3807 princeps
563 3737 640 3803 cuiit,

183 3828 289 3885 Piacute
302 3827 386 3897 iumu,
397 3839 423 3886 et
437 3829 555 3886 rictimt.

219 3920 360 3977 Exclumat
373 3920 417 3977 bic
434 3921 601 3990 vincentius,

120 4023 128 4032 ’
182 4008 273 4064 Levita
288 4011 322 4067 de
336 4011 419 4066 Tribu
435 4026 511 4068 sacra

183 4100 303 4156 Minister
312 4101 403 4156 uituris
419 4120 426 4156 ι
443 4103 526 4159 licum

182 4191 337 4248 Esubiimus
347 4207 396 4248 uos
409 4209 513 4251 rerunt.

220 4284 277 4338 Tibi
294 4284 344 4339 ista
357 4285 466 4354 pinsum
482 4285 603 4355 numina,

182 4376 221 4429 Tu
236 4390 311 4443 surr,
325 4386 352 4431 tu
369 4375 569 4446 iignumcoius,

182 4465 222 4519 Tu
237 4467 401 4521 mortubrum
417 4466 540 4524 ruurtuus

183 4559 244 4614 Fies
258 4560 371 4614 deurum
387 4558 515 4629 punctim.

221 4652 274 4706 Nus
290 4652 357 4707 lucis
369 4654 507 4707 sucturum
524 4653 640 4720 Putrem,
672 4688 674 4692 Α

183 4745 302 4815 Eiusque
314 4744 448 4800 Christum
466 4745 559 4810 ulium,

182 4837 266 4902 Quem
279 4835 366 4890 sulum
381 4849 413 4889 uc
430 4850 522 4891 veruru
539 4835 633 4901 Deum,

184 4927 305 4991 variisne,
319 4925 490 4981 eonfitemur.

218 5018 265 5074 iiic
280 5017 391 5088 ilicium
406 5017 581 5072 communior:

182 5108 318 5175 Audesne,
333 5108 437 5172 itrielit,
448 5109 496 5173 uit,

180 5202 256 5256 iussu
270 5201 392 5283 uetitum,
408 5210 435 5256 et
448 5200 595 5270 principum

183 5295 288 5349 Viniure
301 5292 389 5348 uerbis
399 5282 521 5361 uspe'risi

216 5387 263 5441 tus
278 5395 319 5440 est
333 5382 476 5448 sacrutum,
488 5394 515 5439 et
526 5382 675 5453 publicum,

114 5552 117 5557 .
170 5476 229 5532 ’Cui
245 5476 316 5531 ceuit
327 5476 472 5532 huminum
487 5489 583 5546 gertus,

181 5567 235 5622 b'cc
249 5578 275 5622 te
288 5566 396 5636 iubente
408 5564 510 5622 fervide

182 5655 271 5712 lubus
285 5656 413 5725 pericuum
429 5653 583 5723 permonet?

218 5748 272 5806 iiuc
285 5763 398 5821 numque
408 5747 544 5808 decretum
558 5762 638 5821 cepe,

1034 1253 1110 1308 Serri
1125 1251 1204 1320 buius
1219 1264 1244 1308 et
1262 1261 1343 1310 testes
1356 1267 1467 1320 sumus,

1035 1344 1179 1415 unicique,
1198 1345 1220 1400 si
1235 1354 1322 1414 petes,
1337 1344 1429 1405 iidem.

1069 1439 1226 1504 Permirum,
1239 1452 1340 1508 carcer,
1354 1438 1472 1510 unguis,

1033 1530 1157 1588 Stridens
1170 1531 1288 1588 uummis
1302 1531 1421 1599 ulamma,

1034 1627 1122 1694 utque
1135 1624 1193 1695 ipsu
1208 1624 1348 1694 poenurum
1361 1624 1467 1692 ultime,

1031 1716 1101 1772 iicrs
1115 1715 1278 1773 cbristibuis
1291 1716 1370 1773 ludus
1381 1725 1436 1773 est.
1533 1734 1534 1737 ¹

1072 1810 1167 1866 Vestra
1183 1810 1282 1866 imbuis
1296 1808 1409 1876 vinitas,

1034 1899 1199 1970 Scutumque
1213 1900 1295 1955 vestri
1309 1898 1436 1965 Caesuris,

1033 1988 1170 2060 condigna
1185 1989 1283 2046 restris
1298 1989 1420 2047 sensibus

1032 2082 1092 2141 coti
1102 2083 1204 2155 iubetis
1217 2084 1342 2139 numina.

1068 2175 1151 2252 [cerr]
1163 2175 1274 2234 Excussa
1290 2174 1381 2233 inbriii
1392 2189 1474 2232 manu
1489 2216 1498 2242 ,

1033 2271 1115 2329 Curis
1128 2269 1250 2339 recurre,
1265 2279 1293 2328 ct
1307 2267 1415 2327 tutunus
1431 2309 1439 2335 ,

1032 2362 1098 2431 Qun
1113 2375 1193 2430 rece,
1208 2375 1268 2431 qua
1281 2373 1378 2431 gressu
1392 2366 1486 2416 carent
1500 2398 1510 2426 ,

1031 2453 1155 2520 immuta,
1171 2466 1242 2509 caecs
1256 2451 1327 2523 ligna
1341 2457 1414 2507 sunt.

1069 2543 1116 2599 iiis
1127 2543 1283 2614 sumptuum
1294 2542 1466 2614 bspienuiun

1032 2635 1149 2694 Duiubrt
1161 2643 1287 2694 crescunt
1300 2635 1437 2693 murmure
1453 2655 1462 2689 ι

1033 2727 1161 2785 iiiscciiu
1176 2727 1357 2800 mugientium

1032 2820 1163 2878 Percussa
1173 2820 1312 2877 taururum
1325 2821 1435 2877 cauuut.

1066 2911 1172 2969 Adsunt
1186 2920 1215 2968 et
1228 2911 1284 2968 illic
1298 2911 1410 2982 spiritns
1426 2930 1433 2967 :

1036 2996 1104 3064 Sun't
1118 3014 1146 3062 et
1155 3005 1282 3078 magistri,
1291 3005 1458 3072 criminum,

1032 3098 1191 3170 vestraeque
1207 3099 1305 3155 salutis
1317 3099 1433 3172 bucupcs

1031 3190 1108 3263 Pagi,
1124 3189 1296 3260 impotentes,
1307 3189 1410 3248 suruidi
1426 3207 1434 3247 :

1068 3281 1119 3350 Qui
1133 3295 1182 3338 rus
1195 3280 1309 3338 intentur
1321 3280 1420 3340 incitos

1032 3371 1061 3427 in
1076 3385 1156 3428 omne
1169 3370 1335 3444 comperiunt
1348 3372 1447 3440 unias,

1031 3462 1144 3520 iustine
1157 3463 1245 3535 justus
1259 3463 1372 3521 necibus
1385 3504 1396 3532 ,

1030 3552 1139 3611 Plebem
1153 3554 1259 3625 piurum
1272 3553 1394 3626 curperc.
1488 3603 1490 3606 .

1068 3645 1171 3702 Norunt
1180 3655 1207 3702 et
1221 3645 1281 3717 ipsi,
1294 3646 1457 3705 assentiunt

1035 3737 1141 3794 Poliure
1154 3737 1302 3806 Christum,
1313 3748 1341 3795 et
1354 3738 1463 3806 rirerc,

1034 3827 1154 3900 Eiusque
1164 3827 1220 3900 ium
1230 3828 1286 3899 jum
1297 3829 1391 3886 udinre

1031 3919 1152 3990 Regnum
1165 3918 1333 3985 tremendum
1347 3919 1467 3989 persidis.

1065 4010 1189 4065 Clamant
1206 4009 1329 4080 patenter
1342 4010 1459 4081 ductique

1030 4101 1102 4158 Pulsi
1121 4117 1153 4157 cx
1167 4101 1275 4159 iutebris
1289 4101 1431 4173 curpnruru
1446 4142 1455 4168 ,

1029 4191 1134 4249 Virtute
1145 4191 1242 4248 curisti
1256 4202 1284 4249 et
1300 4192 1429 4258 nburiue,

1030 4282 1150 4354 [turrique
1165 4282 1245 4339 iidem
1261 4283 1410 4357 daemuucs.

1064 4375 1112 4432 iiis
1127 4375 1294 4432 inturruntem
1310 4374 1454 4448 iiurtyrent

1028 4466 1114 4523 iuuet
1131 4466 1259 4537 proiunus
1273 4483 1326 4524 unu
1344 4468 1416 4534 tulit,

1027 4557 1182 4615 cnnctumsr
1200 4577 1206 4612 :
1222 4559 1259 4614 Os
1271 4558 1414 4633 obstruite,

1026 4650 1065 4707 Nc
1077 4651 1151 4732 pium
1163 4649 1250 4722 juctet
1262 4650 1403 4722 improbus
1417 4670 1423 4705 :

1000 4764 1003 4770 ·
1064 4743 1164 4799 Vocem
1180 4742 1314 4811 loquentis
1327 4742 1444 4801 ciundite
1460 4783 1470 4812 ,

1026 4836 1195 4906 Ruptumque
1214 4834 1323 4890 iictbres
1335 4836 1408 4902 date,

1027 4929 1103 4983 iilum
1119 4927 1241 4992 seursum
1257 4927 1385 4993 cunibus,
1410 4975 1412 4979 ,

1030 5019 1150 5082 Pustum,
1167 5017 1318 5089 insanusque
1326 5004 1453 5072 esc'rciic.

1063 5110 1162 5164 inuisus
1177 5111 1203 5164 in
1219 5108 1376 5178 preturium

1024 5203 1192 5258 (inuritibtcr
1207 5201 1317 5268 sentiat,

1022 5293 1133 5364 impune
1144 5306 1177 5347 uc
1189 5307 1256 5363 quos
1270 5292 1320 5348 sibi

995 5454 997 5459 Ι
1024 5384 1081 5441 Diis
1096 5383 1383 5455 extrue'udisjusserit.

1059 5474 1117 5531 Tibi
1130 5489 1194 5545 ergo
1206 5475 1256 5529 soii
1271 5473 1416 5532 cuntumux

1023 5564 1137 5636 Purpc'ia
1151 5563 1289 5621 cticentur
1301 5567 1395 5622 sacnti

1022 5655 1062 5711 Tu
1076 5654 1358 5724 pomusotustbtmsr
1460 5719 1462 5724 ,

1027 5746 1152 5816 Ιιοωιιιι,
1168 5745 1309 5819 spuitum,
1319 5744 1458 5806 curarent
