3758 6224
716 341 930 401 ntttiiattititi
948 341 1136 408 doitttctitt.
1691 355 1736 411 t'r

464 453 572 511 xxxii.

324 547 351 602 lu
368 548 445 602 lluem
463 547 583 602 Psalmus
599 545 692 603 Dauid.

148 638 215 695 tna.
241 637 403 708 Confitentini
426 634 537 691 Dorttitm
560 638 587 691 itt
610 637 722 702 debere,
740 637 902 709 impartierit

114 733 199 785 tieem
216 729 370 783 rborilermn
385 728 488 797 psallite
501 730 535 783 ei.

150 825 270 881 Gaudete
291 822 354 878 itisii
379 824 405 877 in
420 821 534 877 Dornitto
554 824 571 856 ⁴⁶
586 830 673 877 rectos
695 819 773 876 siccet
792 821 903 876 cordan-

115 915 199 972 datio.

151 1008 222 1083 [xrrrl
241 1006 406 1062 Cunitemini
431 1006 544 1060 Domino
558 1006 583 1059 in
599 1004 722 1060 citlrara⁶
737 1006 761 1058 in
778 1003 904 1074 psalterio

113 1102 382 1159 decemchordarum
401 1101 506 1169 psallite
521 1100 556 1152 ci.

150 1194 262 1252 Caritate
274 1195 299 1251 el
314 1195 447 1250 canticum
473 1207 571 1247 riorum
589 1195 598 1214 ⁶
614 1192 683 1247 bene
708 1191 814 1262 psallite
834 1191 858 1247 ei
875 1191 902 1246 in

115 1287 282 1345 iubilatione.

149 1378 279 1446 Quoniam
293 1386 381 1433 rectus
393 1386 434 1433 est
449 1392 537 1434 senno
548 1376 652 1433 Domini
663 1376 805 1430 ‘etomnia
820 1389 902 1446 opera

115 1467 292 1527 eiusintde.

152 1562 242 1632 Diligit
262 1560 484 1628 misericordiam,
505 1568 533 1617 et
557 1560 682 1616 iudicium
698 1563 708 1584 ⁶
723 1558 904 1616 misericordia

115 1654 221 1710 Dortrini
237 1652 316 1724 plena
330 1663 371 1709 est
385 1663 467 1708 terra.

153 1742 242 1800 Verbo
264 1742 369 1798 Domini
392 1743 453 1798 coeli
476 1742 572 1796 Drmati
599 1751 661 1797 sarrit
674 1742 684 1763 ⁶
699 1749 726 1796 et
739 1741 834 1813 spiritu
849 1740 904 1796 oris

116 1834 175 1888 eius
188 1833 275 1888 omnis
293 1833 378 1888 virtus
392 1847 494 1887 eorum.

153 1923 325 1993 congregans
345 1924 414 1979 sicut
427 1924 453 1978 in
467 1933 526 1978 utre
548 1936 630 1993 anuas
645 1922 724 1977 maria
739 1925 748 1946 ⁶
762 1935 864 1988 ponens
878 1920 905 1975 in

118 2013 251 2068 thesauris
263 2013 388 2086 abyssus.

154 2103 259 2160 'linteat
281 2105 421 2159 Dominum
449 2102 537 2158 otonis
561 2112 631 2158 terra
651 2106 660 2125 ⁶
678 2101 713 2154 ab
735 2101 793 2171 ipso
817 2108 904 2154 aotmn

118 2194 359 2250 commovebuntur
384 2193 509 2258 universi,
523 2203 548 2249 et
571 2206 665 2249 onrnes
687 2195 732 2263 oui
757 2191 907 2247 incubitant

118 2288 222 2342 urbem.

154 2379 285 2449 Quoniam
309 2379 367 2449 ipse
390 2379 468 2449 dixit,
482 2391 508 2436 et
525 2379 591 2436 laeta
607 2390 687 2447 sunt;
702 2384 711 2402 ⁶
726 2379 784 2449 ipse
797 2376 907 2433 manda·

118 2473 166 2539 rit,
182 2481 208 2527 et
222 2479 311 2528 ereata
327 2482 399 2528 strui.

157 2564 283 2619 Dominus
295 2564 407 2632 dissipat
421 2563 532 2621 consilia
555 2562 673 2635 gentium
691 2580 697 2615 ε
714 2561 839 2631 reprobat
853 2574 907 2614 au·

119 2661 173 2710 tona
189 2655 363 2726 cogitationes
385 2654 558 2726 populorum,
583 2655 592 2676 ⁶
612 2663 639 2710 et
653 2654 777 2722 reprobat
796 2649 907 2706 consilia

119 2747 283 2821 principum.

154 2839 301 2895 Consilium
316 2855 380 2898 vcro
396 2842 502 2899 Domini
524 2851 617 2900 manet
632 2842 656 2896 in
668 2849 797 2896 aeternum
810 2836 826 2872 ⁴
837 2833 909 2905 copi·

121 2931 234 2986 tationes
248 2933 337 2988 cordis
347 2935 407 2990 eius
418 2935 445 2993 in
455 2934 582 2993 manium
594 2936 697 2992 meoli.

153 3022 224 3077 Aba.
238 3025 330 3078 Aainm
345 3035 433 3081 nostro
447 3026 547 3095 petiens
562 3036 600 3082 eat
613 3027 641 3082 io
655 3023 776 3096 Domino,
789 3029 910 3100 quonium

119 3115 233 3182 rimor,
245 3125 268 3170 st
284 3128 413 3187 protector
425 3127 512 3174 noster
523 3128 571 3174 ert.

158 3207 239 3263 Deata
268 3224 335 3280 geras
361 3211 436 3265 ouius
463 3225 493 3266 es
519 3210 649 3267 Dominus
679 3213 751 3269 Deus
778 3228 870 3271 eorum
895 3215 904 3238 ⁶

121 3298 248 3368 populum
267 3314 346 3371 quem
367 3300 446 3370 elegit
467 3300 594 3358 Dominus
615 3302 642 3359 in
657 3302 832 3359 hereditatem
846 3302 907 3361 sibi.

157 3388 179 3443 Ε
192 3389 261 3446 eoelo
275 3392 396 3461 respexit
411 3393 546 3460 Dominus,
559 3403 587 3450 et
597 3393 664 3452 uidit
673 3411 767 3452 omnes
780 3396 849 3453 lilios
860 3395 910 3451 bo·

121 3480 223 3535 minum
238 3485 247 3505 ⁶
261 3481 295 3536 de
310 3492 458 3552 preparato
472 3482 624 3541 luibitaeulo
636 3499 685 3542 suo
698 3487 815 3557 respexit
829 3500 910 3558 super

120 3586 225 3639 ennea,
238 3573 282 3642 qui
297 3574 447 3630 inhabitant
462 3575 568 3631 orbem.

157 3662 208 3730 Qui
224 3661 299 3718 lirrxit
314 3663 467 3737 singiliatim
483 3666 565 3721 eorda
579 3681 688 3735 cerum;
705 3669 714 3689 ⁶
729 3666 772 3739 qui
788 3667 912 3740 intelligit

59 3786 67 3798 ·
121 3767 423 3824 omrrraoperacorurn.

157 3844 216 3903 lion
230 3845 374 3903 salvabitur
389 3862 433 3903 rex
457 3863 504 3917 per
526 3846 720 3903 rrrrrltiiudinem
737 3846 842 3905 uirtutis
855 3862 911 3906 sua

121 3936 202 3993 lnec
222 3938 314 4009 pipant
335 3938 426 3995 s-ltus
449 3940 499 3994 erit
514 3939 540 3993 in
561 3938 722 3995 abundantia
748 3937 912 3997 fortitudinis

121 4042 187 4085 sure.

160 4119 249 4176 Fallax
273 4135 356 4192 equus
381 4121 414 4176 ad
437 4121 620 4178 salnzcm*iu
635 4120 797 4179 abundantia
823 4130 911 4180 auten

123 4213 231 4268 virtutis
245 4228 299 4270 sua
314 4228 366 4269 oon
381 4214 432 4269 erit
444 4214 527 4269 salus.

160 4302 229 4359 coes
242 4302 312 4358 oculi
327 4303 432 4359 Domini
455 4320 535 4375 super
556 4305 681 4362 timentes
691 4320 752 4362 curn
764 4311 772 4330 ⁶
784 4313 812 4360 et
823 4303 850 4359 in
865 4318 914 4360 eos

123 4398 168 4466 qrri
182 4405 290 4465 sperant
301 4396 329 4449 in
343 4396 524 4453 misericordia
538 4398 610 4454 eius.

161 4484 195 4540 br
217 4484 312 4554 eripiat
327 4494 439 4541 amorte
457 4487 559 4543 animas
574 4503 666 4544 eorum
682 4488 691 4510 ⁶
706 4497 734 4543 et
753 4486 807 4543 alat
825 4499 872 4542 eos
885 4484 912 4540 in
928 4498 955 4562 ῃ

124 4574 206 4631 same.

160 4663 256 4720 Anima
279 4673 368 4719 autem
393 4672 484 4720 nostra
510 4667 612 4735 patiens
626 4677 667 4723 est
681 4667 707 4723 in
725 4666 837 4723 Domino
849 4680 915 4735 quo

125 4758 198 4815 niam
223 4755 339 4822 adiutor,
360 4764 387 4812 et
411 4766 545 4827 protector
565 4767 657 4812 noster
672 4767 722 4823 est,
739 4757 749 4780 ⁶
768 4766 795 4812 et
814 4757 915 4825 inipso

912 456 939 516 Α
988 455 1015 510 ln
1032 457 1144 512 Domino
1159 457 1308 515 laudabitur
1328 460 1416 519 aniana
1441 478 1500 521 rnea
1517 465 1654 525 ‘audiant
1668 486 1738 529 man·
1769 512 1779 535 .

954 549 1037 612 sueti,
1053 557 1081 603 ct
1095 549 1226 606 lactentur.

990 636 1156 709 blagtrilicate
1171 642 1311 700 Dominum
1334 661 1437 702 meeum
1452 648 1468 684 ⁴⁶
1482 659 1511 706 et
1529 650 1680 710 exaltemus
1693 670 1737 710 oo·

954 744 1238 790 mmmmmm.

991 822 1115 894 lorprisibi
1131 824 1282 892 Dominum,
1294 838 1322 884 et
1341 829 1477 887 exaudibit
1489 848 1533 888 me
1545 836 1556 859 ⁶
1567 842 1597 890 et
1610 848 1643 891 er
1659 837 1740 892 omni·

955 914 1005 971 bus
1020 918 1149 986 angustiis
1163 919 1230 975 meis
1241 917 1338 988 eripuit
1355 936 1407 977 me.

990 1008 1117 1063 decedito
1129 1008 1162 1063 ad
1175 1007 1327 1081 Dominum,
1341 1021 1369 1067 et
1382 1012 1576 1071 inluminamini
1592 1019 1602 1041 ⁶
1614 1025 1643 1073 et
1655 1017 1740 1074 aulius

956 1094 1038 1152 vestri
1054 1112 1106 1152 non
1119 1100 1289 1155 erubescent.

991 1190 1042 1245 lste
1065 1205 1166 1259 parrper
1187 1195 1352 1248 clamanter
1367 1195 1495 1253 Dominus
1510 1200 1648 1256 exaudivit
1660 1208 1739 1257 eum·

954 1290 981 1336 ct
996 1296 1027 1336 ex
1043 1283 1169 1337 omnibus
1183 1285 1400 1340 tribulationibus
1415 1290 1473 1344 elus
1488 1291 1613 1346 liberarit
1636 1308 1708 1348 erton.

991 1373 1111 1428 imnrittit
1129 1374 1253 1445 angelum
1277 1376 1404 1432 Dorulaus
1426 1380 1453 1434 in
1469 1381 1581 1436 circuitu
1597 1384 1739 1441 tinxeotiutir

955 1479 1016 1520 curn
1031 1468 1041 1488 ⁶
1054 1473 1081 1519 et
1094 1475 1170 1519 eruet
1183 1480 1240 1521 eos.

990 1554 1111 1621 Gustare,
1120 1563 1148 1612 et
1158 1556 1256 1624 ridete,
1269 1574 1347 1627 quarn
1363 1559 1452 1616 suavis
1465 1568 1508 1617 est
1523 1561 1653 1619 Dominus
1662 1564 1673 1589 ⁶
1683 1563 1740 1619 bea·

955 1655 997 1701 tus
1012 1646 1063 1714 vir,
1075 1648 1119 1716 qui
1136 1657 1227 1716 sperat
1240 1649 1266 1703 iu
1281 1665 1352 1704 eum.

992 1739 1094 1793 Titarete
1108 1738 1249 1794 Dominum
1264 1755 1358 1797 omnes
1369 1742 1454 1798 sancii
1475 1743 1534 1800 eius
1544 1742 1556 1766 ⁶
1568 1744 1695 1815 quoniam
1705 1746 1741 1801 ni·

959 1829 995 1884 bil
1009 1829 1087 1885 deest
1100 1830 1251 1887 timentibus
1265 1847 1338 1890 eum.

992 1919 1093 1974 Diuites
1104 1930 1244 1991 eguerunt,
1255 1933 1282 1976 er
1293 1924 1468 1980 esurierunt*
1480 1925 1646 1997 inquirentes
1658 1936 1742 1986 autern

957 2012 1096 2067 Dominum
1112 2030 1164 2067 non
1177 2014 1303 2070 delleient
1317 2017 1390 2070 oanni
1406 2017 1491 2074 burro.

993 2105 1060 2161 daia.
1078 2104 1191 2161 Redimet
1215 2105 1342 2164 Dentinua
1365 2111 1464 2164 enitatur
1484 2127 1616 2166 serrorum
1631 2130 1749 2180 reorent,

956 2206 980 2253 rt
994 2214 1044 2252 noo
1058 2199 1213 2269 derelinquet
1227 2216 1325 2268 ornum,
1337 2202 1381 2270 qui
1394 2212 1496 2273 sperarat
1510 2204 1537 2257 in
1550 2220 1622 2259 enm.

994 2289 1088 2347 Venire
1107 2290 1166 2358 dlii,
1186 2290 1277 2346 audite
1291 2292 1355 2347 me·
1368 2293 1492 2348 timorem
1518 2292 1627 2348 Domini
1646 2294 1745 2351 docebo

957 2393 1013 2437 ros.

991 2470 1056 2538 Quis
1082 2479 1123 2527 est
1147 2470 1236 2542 borno,
1252 2471 1295 2542 qui
1321 2471 1377 2526 ruit
1397 2472 1475 2527 ritum
1490 2475 1500 2495 ⁶
1515 2480 1544 2530 et
1566 2475 1640 2545 eupit
1654 2473 1745 2533 ritem

957 2560 1015 2617 dies
1031 2561 1134 2617 bonosi

992 2651 1091 2710 erribe
1116 2657 1231 2725 linguam
1255 2664 1325 2711 tuam
1341 2671 1356 2711 a
1372 2656 1458 2724 malm
1482 2656 1492 2679 ⁶
1511 2668 1538 2714 et
1562 2658 1634 2715 labia
1650 2667 1696 2716 trra
1715 2674 1748 2717 aa

959 2746 1102 2816 innitantur
1113 2746 1213 2802 dolum.

996 2837 1103 2893 Decliua
1118 2852 1131 2889 a
1148 2837 1229 2906 malo,
1244 2845 1271 2893 ct
1284 2838 1324 2894 lae
1341 2836 1438 2893 bonum
1453 2839 1587 2911 *inquire
1602 2855 1711 2911 pacem,
1724 2850 1751 2898 et

958 2943 1070 2999 sequere
1085 2943 1155 2984 eam.
1453 2942 1457 2951 ·

994 3021 1068 3077 ocuti
1085 3020 1187 3079 Dersaioi
1203 3035 1283 3092 super
1294 3019 1379 3076 iustos
1389 3020 1400 3040 ⁶
1410 3029 1438 3077 et
1449 3035 1528 3077 aures
1542 3021 1601 3079 cios
1613 3022 1647 3076 ad
1659 3036 1754 3093 preces

960 3127 1065 3169 corum.

997 3205 1093 3261 Vultus
1115 3214 1203 3261 autem
1228 3204 1334 3260 Domini
1356 3220 1436 3276 super
1458 3204 1587 3263 iacientes
1609 3204 1683 3261 mala
1700 3209 1711 3231 ⁶
1727 3214 1756 3262 ut

961 3300 1055 3371 perdat
1067 3295 1099 3355 de
1111 3309 1180 3355 terra
1196 3299 1352 3355 memoriam
1367 3314 1470 3356 eorum.

996 3389 1185 3445 clamaberunt
1207 3388 1279 3454 iusti,
1295 3398 1323 3444 et
1337 3388 1469 3445 Dominus
1492 3387 1632 3444 exaudibit
1643 3386 1758 3445 eus⁶el

961 3495 994 3537 ex
1009 3481 1132 3537 omnibus
1146 3476 1361 3535 tribulationibus
1381 3493 1472 3533 eorum
1489 3476 1614 3534 liberabit
1624 3492 1686 3534 eos.

998 3573 1072 3629 lurra
1084 3581 1126 3629 est
1148 3570 1278 3628 Dominus
1299 3571 1351 3638 bis,
1364 3571 1410 3642 qui
1434 3571 1559 3627 tribulato
1573 3579 1638 3627 sunt
1650 3570 1760 3629 corde⁶

963 3676 988 3723 et
1002 3652 1117 3720 humiles
1130 3664 1224 3734 spiritu
1240 3662 1361 3719 saltabit.
1624 3662 1629 3671 '

973 3810 979 3821 ,
998 3756 1085 3811 blattae
1101 3755 1285 3811 tribulationes
1308 3755 1437 3809 iustorum
1448 3751 1459 3773 ⁶
1472 3761 1497 3807 et
1514 3750 1549 3806 dc
1569 3751 1613 3807 bis
1631 3752 1761 3810 omuibus

963 3847 1088 3905 liberabit
1102 3863 1148 3903 eos
1162 3847 1301 3903 Dominus.

999 3941 1128 3996 Dominus
1141 3939 1257 3995 custodit
1275 3938 1363 3994 omnia
1376 3952 1436 3992 ossa
1452 3940 1567 3992 eorum·
1584 3947 1613 3993 et
1627 3952 1715 3993 uorum
1729 3951 1762 3994 cx

963 4033 1003 4090 eis
1018 4042 1251 4094 nonconteretur.
1325 4043 1328 4050 ’

1000 4124 1070 4178 llors
1086 4134 1253 4192 precatorum
1270 4123 1394 4192 pessima,
1408 4125 1417 4145 ⁶
1429 4131 1455 4178 et
1468 4121 1512 4192 qui
1528 4121 1648 4177 tideriitil,
1660 4118 1764 4178 iustum

963 4213 1132 4283 delinquent.

1000 4306 1123 4364 Redimet
1143 4304 1271 4363 Dominus
1289 4307 1392 4362 animas
1415 4320 1554 4360 serrorum
1582 4322 1700 4363 suorum
1715 4306 1728 4330 ⁶
1740 4315 1769 4363 et

966 4416 1018 4455 nun
1034 4401 1200 4470 derelinquet
1214 4414 1308 4455 ornnes
1323 4399 1367 4469 qui
1384 4400 1534 4466 sperantio
1550 4415 1626 4454 curri.

1305 4492 1424 4548 xxxii.

1212 4584 1332 4639 Paulinus
1351 4582 1399 4653 ipsi
1421 4580 1515 4635 David,

1002 4674 1069 4730 Aria.
1096 4672 1144 4728 Die
1170 4675 1264 4729 unirnoe
1289 4690 1360 4741 roem,
1386 4672 1520 4728 Domine:
1542 4671 1624 4730 sator
1649 4684 1700 4729 trra
1722 4690 1769 4749 epa

966 4781 1033 4820 rnrrr.

126 4850 258 4907 iactabitur
281 4864 329 4906 cor
354 4859 486 4917 nemum,
500 4858 528 4906 et
553 4851 579 4904 in
609 4848 716 4906 norrriue
744 4859 838 4905 sancto
857 4849 916 4905 eius
1001 4858 1100 4924 ludios,
1116 4856 1239 4925 Domine,
1255 4869 1381 4914 trecentos
1406 4856 1515 4913 mc⁶et
1530 4872 1654 4929 expugna
1680 4858 1766 4932 impu

127 4942 303 5015 speravimus.

966 4955 1079 5017 gitbltlr¹8
1094 4961 1147 5002 itte.

120 5049 126 5111 p
163 5037 232 5108 Fiat,
249 5038 371 5108 Domine,
394 5037 578 5094 nriserieordia
603 5047 645 5091 toa
661 5049 743 5106 snper
765 5049 814 5090 nos
826 5037 834 5057 ⁶
846 5033 917 5089 sicut
1004 5037 1071 5110 {aar}
1089 5039 1249 5106 adpreende
1273 5057 1357 5110 arma,
1374 5051 1401 5098 ct
1415 5050 1520 5098 scutum
1535 5043 1545 5066 ⁶
1559 5051 1587 5098 et
1611 5056 1717 5117 exurpe
1742 5044 1770 5098 in

102 5183 110 5217 ι
130 5129 296 5201 speravimus
310 5131 337 5186 in
352 5139 388 5187 te.

469 5217 585 5277 xxxiii.

129 5311 251 5370 Paaimus
263 5313 346 5385 Dauid
360 5329 420 5369 cunt
440 5313 590 5368 inrnrntavit
613 5312 712 5366 tultum
733 5324 810 5365 suurn
826 5321 917 5364 curam

252 5410 399 5475 Abimelee,
414 5420 441 5465 ct
456 5410 566 5464 immisit
580 5425 653 5472 eum,
668 5421 694 5466 et
708 5408 796 5463 dixit:

969 5128 1127 5184 adiutorium
1143 5131 1220 5185 nrilri.

1005 5219 1119 5274 Eduarde
1148 5220 1258 5287 lrameo,
1279 5231 1307 5278 et
1331 5225 1461 5278 correiudu
1487 5222 1618 5278 aduersus
1640 5234 1703 5287 eos,
1723 5233 1769 5289 quat

969 5327 1014 5368 me
1034 5312 1236 5381 persecuntur*
1251 5312 1403 5368 dicanimu·
1428 5329 1518 5369 niem:
1535 5312 1615 5370 Salus
1643 5317 1690 5365 tua
1717 5324 1770 5379 epu

968 5416 1040 5458 sum.

164 5501 233 5556 tna.
255 5501 423 5573 ilapoifimre
449 5502 586 5558 Deoniana
615 5518 713 5558 roseum
732 5513 755 5555 et
780 5497 919 5553 exaltentur
1005 5492 1219 5559 Conlrrndantur,
1239 5503 1267 5550 et
1290 5505 1464 5550 revercantur
1488 5492 1593 5551 inimici
1619 5488 1700 5548 mci*
1719 5487 1769 5557 qui

128 5608 218 5647 tiotitett
233 5595 287 5647 sius
303 5596 330 5647 itt
346 5610 436 5648 ararem.

165 5685 322 5740 Deomimm
338 5686 453 5743 Durniuo
466 5689 492 5744 iu
507 5689 580 5745 errroi
594 5698 713 5759 ternpore
724 5686 734 5709 ⁶
744 5694 851 5752 seraper
860 5679 917 5735 laus

130 5779 188 5837 eius
201 5779 227 5834 'tar
241 5795 287 5836 ote
299 5797 368 5838 uteo.

969 5594 1093 5656 quarunt
1107 5584 1222 5642 animam
1237 5602 1336 5644 sircam.

1007 5676 1166 5731 tranantur
1181 5688 1340 5751 retrorsum,
1353 5694 1380 5738 ct
1395 5678 1596 5740 conlaudantes
1610 5683 1620 5706 ⁶
1633 5675 1679 5759 11¹¹!
1692 5674 1769 5747 0⁰⁸¹·

972 5777 1030 5827 tant
1044 5768 1109 5827 niti
1126 5770 1204 5826 atala.
