3758 6224
61 380 122 437 rea
488 336 496 351 ‘
771 367 1003 429 minaeorum.
1650 367 1702 423 reo

103 493 176 547 Ecca
197 496 303 544 reterns
329 484 441 555 potuisti
467 482 525 540 dies
549 497 625 539 meos
637 484 653 515 ⁸
664 492 692 540 ot
710 483 862 540 misenus
873 484 901 544 Α
913 491 1000 538 tunsa
1023 495 1067 537 me
1082 481 1091 502 ·
1106 478 1287 538 misericordia
1303 489 1359 548 tua,
1372 488 1399 538 ct
1411 481 1509 541 teritos
1529 493 1574 542 tua
1592 501 1699 562 sempor

62 597 140 649 mea,
157 573 551 649 tamquamnibiianteteest.
912 583 1088 645 susceperunt
1102 589 1154 631 me.

103 673 295 729 Verumtamen
318 667 444 725 unitam
457 665 561 723 rnnitas
579 664 698 723 *onnes
719 666 801 725 bomo
821 666 862 722 ri·
947 666 1077 734 Quoniam
1097 666 1331 723 circumdederunt
1357 682 1401 724 nte
1414 669 1493 738 maia,
1509 686 1622 742 qnorum
1644 690 1699 732 non

62 777 144 823 oens.
912 766 955 813 ιιι
968 772 1093 813 numerus
1103 761 1112 782 ·
1123 759 1384 828 comprehenderunt
1397 776 1440 817 me
1453 761 1605 834 iniquitates
1617 781 1700 835 roste,

391 851 555 920 Dinpreioto.
912 859 940 905 et
955 866 1006 903 nnn
1023 850 1107 919 potui,
1122 859 1149 905 ut
1163 849 1293 907 riderent.

101 948 270 1016 Quamquam
285 944 313 998 in
329 943 473 1012 imaginem
495 942 541 999 [tei
556 941 675 998 ambuiet
688 942 780 1012 bomo,
793 941 811 979 ⁴¹
822 950 862 998 tt·
947 942 1110 1010 ituitipiicati
1122 952 1185 998 snut
1197 958 1277 1013 snper
1287 944 1397 1014 capiiios
1410 946 1506 1016 capitis
1520 949 1572 1006 mei
1587 951 1636 1007 ‘et
1650 965 1698 1008 cor

63 1051 131 1098 enen
146 1055 214 1096 tane
227 1037 440 1096 comminabitur.
911 1048 1000 1088 mcum
1013 1033 1154 1104 dereiiqnit
1168 1048 1220 1089 me.

101 1124 288 1198 Tbe'sauriaat,
305 1138 333 1183 et
346 1128 462 1199 ignorat,
479 1128 521 1183 cui
531 1141 674 1199 cirogreget
690 1143 732 1194 ea,
745 1137 772 1184 ιι
787 1143 860 1184 nunc
946 1125 1110 1196 Corripiacuit
1124 1126 1247 1191 nomino,
1261 1136 1291 1182 ut
1302 1129 1417 1198 eriperet
1440 1145 1484 1189 me
1495 1132 1512 1168 ἰ
1525 1133 1648 1205 Domine,
1673 1139 1700 1193 itt

59 1238 126 1295 qna
138 1231 180 1280 ιιι
193 1221 343 1290 expectatio
358 1220 441 1275 meai
455 1234 543 1276 nonne
558 1220 708 1276 botnbmst
722 1221 739 1257 i
753 1228 781 1277 ιι
792 1222 857 1277 anb-
910 1217 1038 1274 anxiiiotn
1049 1234 1138 1274 meum
1154 1219 1269 1290 respice.

59 1311 164 1368 suntin
178 1325 237 1365 mea
249 1317 383 1379 tamqnam
400 1309 465 1363 nibii
477 1318 574 1373 antete
587 1318 628 1364 est
642 1324 760 1378 semper.
945 1307 1158 1376 contundantur,
1180 1321 1206 1365 ιι
1220 1306 1393 1368 retereantur
1405 1326 1500 1370 omnes
1514 1315 1612 1373 inimici
1623 1320 1699 1375 mei·

101 1403 145 1458 ab
157 1400 282 1457 omnibus
296 1400 478 1469 iniquitatibus
497 1401 565 1456 meis
584 1400 660 1471 eripe
680 1416 724 1457 nae
738 1405 747 1426 ·
760 1402 859 1474 obpro·
909 1401 953 1471 qni
967 1407 1089 1471 quarunt
1102 1402 1218 1455 animam
1233 1416 1330 1468 meam,
1344 1414 1371 1456 ut
1386 1404 1508 1460 abierant
1520 1421 1592 1462 sam.

59 1494 156 1553 brinta
170 1493 303 1563 insipienti
319 1493 414 1548 dedisti
430 1509 482 1550 rue.
946 1496 1106 1550 Avertantur
1117 1503 1273 1561 retrorsum,
1288 1501 1316 1549 ιι
1328 1494 1549 1555 confundantur·
1567 1499 1613 1570 qui
1625 1501 1699 1572 cogi·

99 1582 239 1648 θιιιιιιιιι,
250 1589 278 1638 ιι
292 1597 345 1638 non
360 1583 451 1653 aperui
464 1597 495 1639 os
506 1598 596 1639 meum
607 1584 624 1619 ⁴⁵
634 1584 760 1655 qnoniam
775 1593 803 1639 tn
817 1598 857 1654 es,
910 1592 966 1640 tant
981 1585 1044 1640 mibi
1056 1585 1136 1641 maia.

58 1678 108 1751 gni
127 1678 214 1736 iecisti
229 1693 282 1734 me.
945 1678 1195 1734 Ferantconiestim
1208 1677 1392 1736 confusionem
1414 1695 1490 1736 suam
1513 1681 1585 1753 'oni
1607 1683 1700 1742 dicunt

101 1771 205 1852 amobe
227 1785 243 1825 a
268 1773 311 1825 rn‘e
335 1767 425 1839 pingas
438 1783 531 1825 meas:
547 1769 564 1806 i
586 1784 601 1823 a
617 1768 771 1827 iortitndine
784 1771 857 1827 enirn
911 1769 975 1825 rnibi
992 1789 998 1824 :
1014 1771 1097 1840 Euge,
1113 1785 1190 1842 enge.

58 1876 160 1918 manns
175 1869 227 1916 tun
239 1875 290 1931 ego
302 1860 386 1916 deieci
398 1861 424 1915 in
440 1861 678 1931 increpationibus.
874 1836 898 1899 B
946 1863 1080 1928 Ettritum,
1094 1869 1121 1917 st
1134 1862 1257 1917 intentur
1270 1862 1296 1917 in
1314 1871 1339 1917 te
1349 1877 1455 1929 omnes,
1476 1863 1521 1932 oni
1536 1875 1661 1935 qtrmntnt
1675 1876 1701 1922 to

98 1950 213 2021 Propter
226 1950 394 2019 iniquitatem
407 1952 518 2008 erudisti
544 1953 681 2008 bominem
692 1953 708 1983 ⁸
721 1963 748 2010 et
768 1954 858 2012 tabes·
911 1954 1022 2011 bontino
1036 1958 1046 1981 ·
1059 1965 1086 2010 ιι
1098 1954 1189 2011 dicant
1201 1969 1309 2022 sempor
1323 1972 1329 2010 :
1351 1956 1534 2027 iiagttiiicetur
1549 1958 1677 2016 iionriuus
1691 1976 1700 2014 a

57 2054 128 2098 cere
142 2039 240 2107 iecisti,
256 2042 327 2098 nint
340 2055 439 2098 aranea
455 2042 572 2097 animam
583 2043 653 2099 eius.
910 2047 956 2118 qni
970 2047 1082 2116 diligunt
1095 2047 1212 2103 salutare
1227 2056 1312 2102 trium.

97 2130 291 2190 Verumtamen
298 2135 421 2189 uniuersa
429 2134 648 2190 ranitastornris
669 2136 858 2194 bomoritens.
947 2139 1004 2209 Ego
1016 2153 1081 2194 roro
1091 2151 1202 2209 ιιιιιιιι,
1214 2147 1241 2194 ιι
1254 2153 1356 2209 pauper
1368 2141 1450 2196 sum·
1466 2141 1594 2198 bertuinus
1608 2157 1698 2199 coram

96 2225 201 2282 Exaudi
213 2226 362 2282 orationem
377 2240 465 2280 meam
477 2234 503 2280 ιι
513 2224 732 2296 deprecationem
745 2230 859 2284 meam*
911 2229 991 2286 babet
1000 2229 1063 2284 mei.

55 2321 172 2380 naribus
186 2324 294 2393 percipe
314 2323 446 2395 iacrymas
456 2338 542 2392 mens,
560 2338 593 2381 ne
606 2324 687 2381 sileas
701 2339 717 2380 a
731 2341 787 2383 nte.
945 2322 1069 2391 adiutor,
1082 2331 1111 2378 et
1123 2322 1251 2379 iiberator
1263 2336 1340 2379 meus
1351 2337 1380 2380 es
1394 2326 1443 2380 tu·
1456 2323 1576 2392 bomine,
1599 2341 1633 2382 ne
1646 2335 1701 2383 tar·

95 2418 176 2488 Quod
189 2419 276 2476 incola
291 2433 341 2488 ego
353 2434 413 2479 sum
426 2419 496 2490 apud
508 2429 534 2476 te
547 2420 573 2476 in
590 2428 662 2476 terra
673 2420 688 2455 ⁸
698 2430 726 2476 ot
741 2421 860 2493 peregri·
910 2414 1026 2472 daberis.

37 2512 198 2572 'mtieot
210 2525 305 2568 omnes
321 2521 410 2581 patres
423 2512 486 2569 mei.
1275 2505 1330 2563 tit.

96 2602 215 2662 Remitte
229 2601 305 2670 mibi,
316 2612 344 2659 ut
358 2602 497 2675 refrigerer
512 2605 665 2679 priusquam
672 2620 733 2662 cam
740 2614 767 2663 ιι
777 2606 793 2640 ⁸
805 2621 860 2663 am·
1112 2595 1141 2653 ln
1161 2598 1241 2653 sstem
1259 2597 1381 2654 Pstlutut
1400 2596 1495 2654 David.

57 2698 136 2774 plin.
149 2697 204 2755 ism
215 2713 270 2754 nnn
284 2712 343 2754 ero.
946 2690 1014 2746 Aba.
1035 2688 1091 2763 Ego
1113 2691 1187 2747 disi:
1203 2689 1320 2758 boetius,
1344 2691 1460 2749 mirerere
1478 2693 1529 2749 otei
1540 2708 1550 2748 .·
1561 2710 1626 2750 mna
1644 2697 1696 2752 ttri-

395 2789 519 2848 xxxix.
909 2800 978 2839 mom
992 2800 1083 2853 oreom,
1100 2785 1161 2855 grtia
1173 2784 1276 2853 peronii
1288 2786 1342 2840 tibi.

258 2880 288 2937 in
313 2879 394 2937 duem
418 2880 540 2937 Pmimtn
567 2879 661 2935 barto.
945 2875 1053 2944 Βιιιιιι,
1067 2874 1113 2947 qni
1128 2875 1342 2948 inteiligitsuper
1352 2891 1479 2948 egenum,
1494 2886 1521 2935 ct
1532 2892 1675 2951 pauperem
1688 2879 1699 2903 ·

96 2971 167 3030 tna.
194 2970 339 3040 Expectans
358 2972 489 3041 expectabi
514 2969 673 3036 Dominum·
698 2979 722 3026 ιι
747 2971 858 3044 retpeaii
910 2969 936 3025 in
952 2968 996 3025 die
1012 2969 1081 3023 maia
1096 2967 1294 3024 iiberabiteum
1312 2968 1448 3024 Dominus.

56 3081 113 3134 ιιι,
128 3074 153 3121 ιι
166 3064 253 3122 edesii
264 3081 303 3119 ote
316 3064 348 3118 de
359 3065 417 3119 inco
431 3063 552 3120 mittrioe.
946 3060 1072 3118 boninus
1083 3069 1223 3117 conseruet
1235 3074 1306 3129 eutrr,
1329 3071 1358 3117 ιι
1373 3061 1489 3119 titiiicet
1498 3074 1559 3117 eum
1573 3063 1621 3119 ἰι
1636 3061 1700 3119 bea·

83 3158 254 3235 ‚Expectans
268 3154 406 3226 expectabi
423 3153 577 3217 Dominum,
591 3161 619 3209 et
641 3150 760 3222 respexit
775 3166 819 3208 me
830 3160 858 3207 et
911 3164 964 3210 turn
978 3152 1058 3209 iaciat
1068 3168 1140 3210 eunt.

57 3248 201 3305 exaudibit
221 3247 439 3316 deprecationem
459 3243 578 3301 meam*
595 3253 622 3300 et
645 3243 739 3300 edtttit
758 3258 802 3299 me
824 3242 858 3300 de
945 3243 979 3299 iit
992 3243 1118 3301 etuundet
1129 3242 1164 3298 de
1177 3249 1247 3298 terra
1260 3241 1376 3298 animam
1395 3242 1455 3300 eius
1467 3243 1484 3281 i
1497 3251 1525 3299 ιι
1543 3256 1596 3300 noo
1611 3240 1701 3300 tradat

57 3339 122 3395 iace
136 3336 263 3406 miserie,
278 3345 307 3394 et
320 3337 355 3393 de
366 3336 422 3392 into
436 3334 522 3393 ioecis.
734 3346 756 3381 ⁰
908 3348 969 3390 eum
981 3333 1007 3389 in
1022 3348 1116 3389 manus
1129 3332 1230 3389 inimici
1242 3335 1312 3391 eius.

96 3426 197 3485 Statuit
210 3441 290 3498 snpra
304 3435 407 3498 petram
423 3425 505 3496 pedes
515 3440 590 3483 meos
601 3433 630 3482 et
638 3424 735 3481 direxit
750 3439 859 3496 gressus
945 3423 1073 3481 Dominus
1082 3438 1161 3494 opem
1175 3423 1242 3485 ierat
1252 3424 1290 3480 iiii
1300 3438 1380 3494 super
1392 3424 1488 3480 iectnnt
1503 3424 1605 3482 doiorir
1616 3425 1700 3482 eius*

58 3518 166 3576 ιιιοι*
178 3526 206 3574 ιι
219 3517 320 3573 inmisit
330 3517 358 3574 iu
372 3530 503 3574 osmeum
514 3516 648 3575 moticuxn
658 3531 767 3584 norum,
780 3515 859 3587 bgm·
910 3515 1060 3572 universum
1076 3525 1189 3572 stratum
1205 3517 1262 3573 eius
1279 3517 1394 3573 versasti
1408 3517 1434 3572 in
1450 3516 1605 3574 indemitate
1629 3519 1699 3575 eins.

57 3624 127 3667 nam
142 3609 196 3665 beo
210 3618 312 3666 nostro.
944 3608 1000 3681 Ego
1023 3607 1077 3664 dixi
1093 3625 1100 3661 ε
1116 3606 1239 3672 Domine,
1261 3607 1391 3666 miserere
1406 3607 1459 3665 mei
1472 3608 1563 3665 *tana
1574 3608 1697 3666 animam

95 3699 233 3758 Videbunt
245 3699 333 3769 muiti,
346 3709 374 3757 ιι
385 3699 521 3757 timebunt
533 3699 550 3735 ⁴
561 3708 590 3757 ιι
603 3700 752 3770 sperabunt
765 3699 792 3756 in
807 3699 859 3756 iio·
908 3714 1006 3767 meam,
1022 3699 1082 3769 onia
1096 3698 1206 3771 peccabi
1221 3699 1281 3757 tibi.

58 3793 148 3851 anino.
944 3789 1045 3848 inimici
1056 3790 1108 3845 mei
1118 3787 1242 3846 dixerunt
1255 3789 1324 3846 maia
1338 3789 1404 3845 mibi
1416 3788 1426 3812 ⁶
1438 3787 1545 3861 qmndo
1556 3787 1697 3854 rnorictnx,

95 3883 261 3952 nectatur,
277 3885 353 3942 cuius
366 3892 409 3941 est
420 3899 518 3941 nomen
532 3885 638 3942 Domini
653 3900 716 3954 spes
726 3885 810 3943 eius*
831 3893 859 3941 ιι
908 3892 935 3940 ιι
949 3882 1045 3953 peribit
1055 3896 1150 3938 nomen
1164 3882 1233 3939 eins.

58 3989 115 4031 non
130 3974 253 4044 respexit
267 3974 293 4031 in
307 3976 435 4042 uanitate,
449 3983 476 4032 ιι
486 3976 589 4033 insanin
603 3976 679 4032 iaisa.
944 3977 978 4032 iit
998 3975 1227 4047 ingrediebantur,
1252 3984 1280 4032 ut
1295 3975 1419 4035 uiderent
1431 3981 1441 4002 '
1455 3991 1552 4030 tartum
1578 3975 1697 4029 locutum

92 4065 177 4123 Ιιιιι
189 4065 276 4123 iecisti
287 4077 326 4133 to,
340 4067 452 4125 bomine
463 4067 534 4125 Deus
548 4082 637 4134 meus,
660 4067 794 4125 mirabilia
812 4077 858 4124 tua
907 4076 948 4126 es*
973 4082 1019 4125 ιν
1046 4081 1169 4125 cotnra·
1196 4069 1426 4140 congregaberunt
1452 4066 1617 4137 iniquitatem
1643 4063 1696 4134 ipsi

57 4157 159 4216 *etin
172 4159 378 4230 cogitationibus
392 4162 444 4218 tuis
458 4176 511 4216 non
525 4161 637 4233 estquis
649 4161 744 4217 similit
760 4161 820 4218 tibi.
906 4160 968 4218 tibi.

93 4248 275 4319 Adnuntiabi,
285 4261 313 4308 et
327 4252 433 4309 iocatus
443 4265 505 4307 turn
516 4252 533 4286 *
546 4251 715 4324 multiplicati
736 4261 800 4309 sunt
810 4268 855 4309 su·
943 4252 976 4309 Et
994 4250 1196 4324 egrediebantur
1217 4248 1281 4305 ioris
1296 4252 1305 4275 ⁴
1319 4257 1344 4305 ιι
1360 4247 1535 4319 loquebantur
1563 4243 1640 4302 sitnd
1669 4245 1697 4301 iu

57 4352 108 4410 per
123 4353 276 4396 nnmemm.
907 4360 1000 4401 unum.

93 4429 277 4501 Sacrificium,
290 4440 318 4487 ιι
344 4430 507 4488 oblationem
522 4432 629 4490 noiuisti
645 4449 745 4492 :aures
765 4443 856 4493 autern
942 4436 1090 4492 Adversum
1110 4447 1154 4489 me
1175 4431 1352 4488 susurrabant
1373 4445 1467 4488 omnes
1490 4429 1589 4486 inimici
1611 4428 1697 4485 mei*

57 4518 195 4591 perfecisti
209 4521 321 4589 ιιιίιιις*1
340 4522 491 4579 boiocautta
513 4525 594 4581 etiam
618 4539 669 4596 pro
678 4525 779 4582 deiietu
800 4543 854 4585 non
867 4550 893 4615 υ
906 4526 1046 4584 adeersum
1066 4539 1109 4581 ure
1122 4523 1307 4594 cogitaberunt
1330 4523 1400 4578 maia
1427 4522 1504 4591 mibi,
1520 4523 1630 4578 terbum
1646 4521 1699 4577 ini-

56 4607 212 4683 mlvii·
905 4634 986 4691 quum
1000 4617 1193 4695 inundaberunt
1206 4617 1347 4674 aduersum
1362 4631 1416 4673 me.

93 4697 173 4773 iarn]
191 4699 267 4759 Tunc
287 4701 344 4759 dixi
362 4716 426 4760 ecco
442 4703 519 4760 tenio
532 4704 549 4740 ⁴
562 4704 588 4761 in
602 4707 690 4777 capito
702 4707 763 4764 iibri
778 4708 848 4766 scri·
940 4707 1070 4780 Numquid
1085 4708 1131 4779 qui
1143 4708 1253 4777 dormit,
1275 4723 1328 4764 oon
1340 4708 1460 4765 adiciet·
1476 4718 1506 4764 nt
1519 4708 1664 4780 resurgati

56 4802 134 4865 ptum
147 4790 296 4851 ordene.
940 4798 1046 4856 Etenim
1069 4799 1151 4857 bomo
1173 4801 1245 4870 pacis
1267 4816 1344 4867 mete,
1373 4801 1399 4857 in
1423 4816 1476 4873 qno
1500 4803 1606 4871 sperabi
1625 4803 1697 4881 'qrti

95 4882 130 4941 ut
143 4883 239 4941 iaciatur
249 4887 410 4945 roinntatnnr
426 4898 510 4956 tuam,
522 4889 593 4947 bens
607 4906 694 4959 meus,
711 4892 780 4949 xoioi
790 4894 812 4930 'i‘
824 4901 854 4950 ιι
903 4891 1001 4948 edebat
1026 4906 1108 4962 patros
1136 4909 1220 4960 meos,
1245 4894 1381 4964 ampiiabii
1406 4894 1548 4950 adeersum
1566 4909 1610 4952 me
1632 4909 1697 4968 snp-

55 4973 145 5047 men
159 4982 232 5031 tuam
242 4975 270 5033 itt
286 4978 375 5035 nredio
388 4981 477 5037 cordis
492 4982 556 5036 mei.
904 4985 1107 5057 plantationem.

93 5062 122 5139 i
136 5064 211 5123 iisne
234 5069 358 5126 nunciabi
385 5071 511 5127 iustitiam
528 5083 608 5142 tuam,
626 5074 748 5144 bomine,
765 5077 791 5133 in
805 5092 849 5134 oc·
939 5075 980 5131 'iu
992 5086 1080 5133 autom
1105 5077 1217 5134 bomine
1228 5078 1354 5134 miserere
1367 5076 1430 5146 mei,
1442 5085 1469 5132 ιι
1484 5077 1612 5133 resuscita
1626 5091 1670 5137 oto
1685 5077 1695 5102 ·

55 5156 142 5213 cieris
165 5158 288 5231 magna*
300 5174 364 5216 ecoe
377 5161 447 5218 iabin
465 5178 525 5221 trrea
549 5181 602 5221 non
624 5166 782 5237 prohibebo,
797 5167 851 5227 tto-
904 5166 1087 5224 etretribnant
1099 5166 1164 5226 iiiis.

54 5248 142 5316 atrine,
159 5257 188 5304 tu
199 5249 359 5320 cognobisti.
940 5258 969 5316 in
985 5259 1037 5317 boe
1050 5261 1174 5330 cognobi,
1190 5260 1313 5332 scottiam
1327 5261 1433 5318 roinisti
1455 5279 1498 5319 mo
1520 5265 1536 5299 i
1556 5262 1618 5334 tgnie
1641 5278 1695 5321 nnn

91 5339 226 5399 incutiam
244 5351 315 5399 tuam
331 5360 384 5400 non
397 5345 523 5404 abscondi
538 5346 566 5405 in
580 5348 662 5407 oorde
685 5365 747 5407 meo
759 5350 770 5373 ⁶
780 5351 851 5410 teri·
903 5350 1030 5423 gaudebit
1041 5351 1167 5407 inimicus
1181 5367 1256 5409 mous
1268 5367 1348 5424 rupee
1363 5369 1418 5412 me.

56 5440 140 5491 ιιιιιιι
154 5441 241 5505 tuanr,
257 5445 285 5492 ιι
298 5436 415 5495 miniato
428 5448 502 5496 tunm
516 5441 582 5498 diri.
941 5443 1053 5515 Propter
1066 5443 1243 5501 innocentiam
1257 5455 1345 5503 auom
1358 5462 1445 5503 meam
1470 5448 1611 5519 suscepisti
1627 5451 1698 5504 trae·

92 5523 153 5580 iiorr
177 5525 265 5584 ceiebi
292 5529 504 5588 misericordiam
531 5542 603 5591 tuam
628 5537 638 5560 ·
659 5543 686 5593 ιι
713 5535 852 5595 raritatem
904 5534 1104 5592 eteoniitmasti
1119 5552 1161 5592 me
1175 5537 1202 5593 in
1217 5550 1418 5612 conspectutno
1431 5542 1458 5598 in
1472 5552 1615 5599 arternum.

56 5626 133 5675 iiiiii·
147 5630 162 5671 ⁸
175 5615 302 5691 ⁸1u²g⁰t³
315 5623 410 5678 muita.
941 5627 1097 5685 iiertedictns
1109 5628 1237 5687 Dominus
1248 5631 1314 5695 bert
1325 5630 1406 5692 ttraoi
1416 5649 1432 5690 n
1442 5634 1543 5692 stetuio
1554 5638 1563 5659 ·
1574 5643 1601 5694 ιι
1612 5648 1699 5707 turpato

92 5706 247 5772 inaurem,
268 5706 391 5782 bandus,
413 5728 448 5771 nc
469 5713 638 5788 elongaberis
651 5717 851 5780 misericordias
905 5721 931 5778 iu
945 5721 1071 5779 saeculum
1086 5739 1093 5780 :
1110 5722 1165 5792 tint,
1181 5724 1236 5781 bat.
