3758 6224
79 331 113 384 55
483 328 693 388 Fuiuttsctis
712 325 885 383 auronius
907 325 1117 384 LORENZANA
1137 328 1295 385 LECTORI.
1668 334 1703 388 sl

78 457 136 494 rum
152 439 303 508 profuisset,
327 442 348 496 si
372 442 482 497 aliorum
498 442 609 498 consilio
621 452 647 498 ct
666 456 747 511 opera
757 454 810 495 non
825 439 862 494 ie·
878 451 905 509 Α
919 439 1016 494 luimus
1026 479 1032 502 .
1044 439 1181 507 dequibus
1191 453 1259 494 uuus
1272 452 1404 507 praecipue
1415 438 1557 512 invigilavit
1571 443 1597 497 iu
1608 458 1705 500 caveu-

80 545 220 596 raremur;
235 531 302 586 scito
318 547 382 603 crgo
401 547 450 587 uec
473 536 589 601 sumptui
609 546 658 588 nee
677 531 759 588 labori
775 544 869 599 peper-
918 526 960 582 uis
975 527 1169 597 typographicis
1182 528 1294 583 incudis.

80 623 169 677 cisse:
201 622 286 679 Toleti
314 626 449 695 coegimus
470 633 568 680 coetum
592 625 739 692 sapientum
751 622 868 677 virorum
954 619 981 674 Si
997 630 1034 673 tot
1049 621 1183 686 tantisque
1207 619 1348 690 pervigiliis
1362 618 1461 686 adbuc,
1479 622 1706 691 perspicacissime

81 713 238 781 dignitatum
253 723 281 768 et
289 712 478 770 canonico'rum
492 714 570 784 hujus
588 725 686 769 nostre
706 721 806 767 sanctae
818 711 868 765 Ec·
917 707 1013 775 lector,
1027 710 1052 764 iu
1065 710 1153 778 aliquo
1167 708 1320 776 offenderis,
1341 725 1374 765 ne
1387 718 1537 766 antevertas
1560 713 1703 780 judicium,

81 802 187 868 clesiae3
208 804 356 875 Manliique
369 806 437 860 aiios
451 805 529 861 valde
544 806 670 875 probatos
682 805 754 860 viros
768 817 867 859 consu·
919 800 969 855 nisi
991 801 1061 870 prius
1082 802 1189 871 proprio
1211 801 1306 856 intuitu
1323 802 1485 873 autographa
1499 804 1613 860 rimeris.
1630 804 1705 861 lale.

1561 946 1691 965 ἡ

260 1049 460 1129 CANTUS
490 1049 772 1130 EUGENIANI
804 1049 899 1126 SEU
927 1048 1175 1129 MELODICI
1205 1052 1528 1131 EXPLANATIO

537 1207 637 1259 sacra
654 1207 676 1256 a
691 1204 766 1256 nivo
783 1200 969 1255 mensurno
986 1200 1135 1267 nousno,

63 1407 67 1412 .
168 1322 274 1390 silim
293 1348 428 1390 EGGLESIAE
446 1350 590 1390 TOLE'HNAE
609 1345 786 1389 ulelebilU!
805 1343 927 1387 Pulueris
946 1345 1139 1400 Poublottiittu,
1160 1352 1193 1392 ΕΤ
1211 1351 1314 1394 CANTUS
1334 1351 1457 1393 ilstobtci
1477 1350 1619 1393 ssGlSTRl).

100 1658 858 1794 ιΞ-’τὲτε-εεεῧε-’ξ
818 1658 1211 1792 ’Ξεῗῖἐ

174 1847 317 1914 Etr-pes
383 1871 418 1884 -
487 1872 521 1886 -
586 1874 620 1887 -
681 1848 886 1911 lausen-

100 2122 102 2131 ι
109 2111 120 2137 Γ*

125 2288 137 2297 -
174 2274 234 2326 pe-
266 2262 305 2312 xit
385 2273 426 2313 me
467 2264 492 2313 et
537 2258 687 2313 edu-xit
714 2272 756 2313 me
804 2258 836 2315 tle
902 2259 928 2314 la
955 2287 969 2299 -
998 2274 1032 2317 cu

930 1859 977 1913 pec
1012 1875 1028 1887 ·
1069 1848 1174 1901 ia·vi
1230 1849 1445 1907 iio-mi-nuus
1498 1858 1525 1908 et

946 2073 1681 2208 -==÷·=··-··=

1207 2109 1680 2215 ÷==÷======

1236 2261 1488 2318 ml·se·ri·
1519 2281 1542 2322 e.

117 2403 190 2469 Apud
202 2417 295 2458 omnes
309 2410 412 2459 constat
432 2413 547 2473 systema
564 2403 719 2468 marimum,
742 2403 865 2459 immuta·
882 2411 945 2475 Bet
956 2402 1011 2467 liet,
1026 2401 1185 2457 examinatis
1200 2415 1324 2467 ascensu,
1339 2401 1480 2467 descensu,
1491 2401 1617 2456 clausulis
1629 2404 1703 2473 prin-

80 2475 132 2528 hils
158 2474 328 2538 diatonicum,
353 2487 400 2526 seu
429 2473 632 2544 Pythagoricum
660 2483 687 2528 et
708 2475 865 2541 perlectum,

80 2545 147 2605 apitii
160 2553 261 2597 veteres
277 2545 391 2604 celebre,
410 2543 516 2598 Noctem
530 2542 610 2598 luisse
621 2557 667 2597 seu
688 2543 792 2608 Polum,
813 2560 866 2612 quo

80 2614 166 2668 omnis
181 2622 272 2667 cautus
284 2613 478 2667 ecclesiasticus
493 2615 666 2677 directusest‚
677 2623 704 2667 et
717 2614 863 2669 ordinatus.

81 2683 352 2747 Oiiindccimchordis
366 2682 515 2748 constabat,
530 2683 629 2750 quasin
642 2682 758 2751 quinque
768 2685 865 2750 partie·

53 2791 54 2799 ι
82 2754 176 2806 bantur
188 2754 382 2816 tetrachordos,
399 2752 495 2820 quibus
510 2751 667 2807 ordinabant
678 2766 740 2805 suas
753 2767 864 2815 corapo-

80 2826 189 2877 sitiones
204 2834 256 2875 tam
271 2823 437 2876 harmonicas
447 2831 474 2874 et
486 2822 634 2890 regulatas,
648 2823 714 2876 sicut
729 2836 777 2874 nos
791 2823 863 2875 ordi·

81 2909 173 2946 uannrs
185 2902 300 2946 nostras.
314 2891 529 2944 Finaleschordae
544 2899 665 2943 tonorurn
677 2890 777 2944 eadem
789 2901 865 2946 erant

80 2979 111 3015 ac
131 2976 213 3028 quasa
230 2961 370 3014 neotericis
382 2959 574 3023 observantur;
600 2959 720 3026 regulare
738 2961 864 3014 uniuscu-

79 3034 173 3099 jiisque
189 3031 242 3083 toni
252 3029 405 3084 seculorum
416 3029 485 3082 idem
492 3029 642 3097 respective
652 3043 711 3082 cum
723 3044 757 3083 eo
766 3043 819 3098 quo
831 3029 864 3084 ad

81 3115 198 3166 presens
213 3101 324 3165 utimur;
341 3098 456 3165 denique
472 3097 597 3165 quidquid
611 3097 644 3151 ad
659 3099 800 3166 perlectam
815 3114 863 3154 cu-

78 3174 173 3237 jusque
189 3169 242 3221 toni
269 3169 489 3235 compositionem
503 3167 678 3231 desideratur,
701 3169 728 3223 in
754 3166 864 3236 praeiato

80 3248 223 3293 sistemate
233 3239 288 3292 sive
302 3252 316 3291 a
332 3237 490 3308 l‘pthgora,
505 3237 560 3290 sive
574 3238 607 3291 ab
617 3237 735 3306 Orpheo,
752 3239 810 3293 sive
829 3240 863 3292 ab

78 3312 130 3363 aiio
146 3321 262 3375 auctore,
278 3307 353 3376 cujus
367 3307 516 3375 disquisitio
526 3322 578 3361 non
593 3310 723 3362 estnustri
738 3307 862 3375 instituti,

78 3381 237 3447 excogitata.
256 3378 456 3442 inveniebatur3
481 3378 535 3430 irno
556 3377 790 3433 notiteuderecum
804 3381 863 3445 qui-

80 3451 188 3503 busdam
202 3463 348 3516 possemus,
362 3447 521 3513 psalmorum
533 3455 611 3501 tonos
624 3449 658 3501 ab
672 3449 730 3515 ipso
737 3462 799 3518 rege
815 3448 865 3503 ba·

79 3524 138 3573 uiue
151 3520 311 3573 descendere
324 3535 330 3579 ;
343 3517 446 3572 sedsat
465 3519 499 3570 sit
512 3516 603 3572 dicere
624 3516 770 3572 Ecclesiam
784 3528 863 3573 caute

79 3606 183 3658 semper
209 3588 357 3643 custodisse
373 3595 482 3652 touum;
498 3602 560 3641 nam
574 3585 596 3640 si
611 3601 660 3642 nos
673 3589 762 3642 claves
783 3596 810 3643 et
826 3589 862 3642 si·

917 2472 1064 2538 cipaiibus,
1081 2481 1108 2528 et
1130 2471 1307 2534 intermediis,
1328 2471 1398 2539 quod
1420 2486 1473 2524 non
1498 2472 1636 2538 tironibus,
1653 2474 1702 2530 sed

917 2541 1091 2612 peritioribus
1104 2541 1129 2595 in
1144 2549 1223 2595 cantu
1235 2541 1317 2595 veteri
1328 2551 1355 2596 et
1369 2540 1496 2595 rnoderuo
1510 2539 1608 2595 licebu.

952 2612 1076 2680 objicies,
1102 2611 1181 2666 tertio
1202 2628 1208 2661 x
1229 2611 1304 2679 Apud
1333 2625 1427 2666 omnes
1450 2621 1574 2665 cantores
1606 2620 1698 2669 nutum

915 2691 958 2736 est
977 2682 1083 2750 ligur-is.
1103 2695 1150 2735 seu
1174 2689 1249 2735 notas
1277 2681 1347 2746 plani
1370 2694 1418 2736 seu
1441 2680 1570 2748 simplicis
1592 2695 1698 2749 cantus,

917 2766 967 2805 nec
988 2752 1090 2820 augeri,
1107 2764 1156 2804 nec
1177 2751 1289 2805 diminui
1317 2765 1405 2818 posse,
1422 2760 1450 2805 ut
1471 2750 1576 2819 exejus
1594 2761 1700 2808 cntrstat

917 2820 1088 2886 delinitione;
1103 2829 1202 2875 etcum
1219 2821 1244 2872 iu
1260 2829 1332 2875 teitu
1348 2821 1470 2890 superius
1483 2826 1571 2887 posito
1585 2820 1700 2876 diminu-

918 2899 958 2944 tas
969 2891 1118 2953 videamus,
1132 2902 1190 2943 arte
1203 2899 1229 2943 et
1243 2891 1334 2957 ruguia
1358 2905 1451 2945 carere
1466 2891 1580 2945 videtur.
1601 2891 1698 2946 Verum

917 2968 945 3012 ut
961 2960 1029 3013 banc
1056 2958 1236 3013 difficultatem
1263 2959 1372 3022 euodes,
1389 2959 1572 3014 animadverte
1590 2970 1696 3014 cautum

917 3028 1024 3096 pianum
1039 3043 1093 3083 non
1113 3042 1220 3093 semper
1242 3028 1390 3094 simplicem
1404 3040 1473 3089 essa,
1499 3029 1546 3082 sed
1562 3029 1698 3085 multoties

917 3098 1035 3162 mistum,
1053 3107 1083 3153 ut
1103 3097 1200 3153 accidit
1223 3097 1248 3151 in
1271 3098 1386 3167 hymnis,
1408 3097 1567 3167 sequentiis,
1588 3108 1615 3152 et
1637 3100 1697 3153 aliis

916 3181 975 3237 quae
990 3170 1016 3221 in
1028 3168 1139 3223 ecclesia
1155 3175 1285 3222 canuntur
1297 3206 1304 3229 ‚
1317 3177 1345 3221 et
1366 3166 1455 3221 simile
1469 3167 1494 3219 iu
1510 3178 1601 3222 nostro
1622 3177 1697 3222 textu

915 3237 1059 3357 clentingim
1080 3253 1140 3292 nam
1153 3245 1231 3292 cantu
1252 3236 1331 3292 misto
1356 3251 1476 3307 persaepe
1488 3238 1630 3292 utebantur
1643 3239 1698 3294 Ge·

916 3307 1124 3361 tilclcnntores.
1157 3320 1159 3324 ·

949 3378 1073 3445 objicies.
1090 3384 1196 3445 quarto,
1220 3376 1359 3447 ingressum
1378 3385 1405 3428 et
1425 3376 1578 3431 surculorum
1605 3386 1698 3433 nostro

914 3450 997 3500 textui
1011 3448 1079 3501 serti
1092 3448 1145 3499 trini
1160 3461 1219 3500 csse
1232 3448 1392 3517 assignatum
1406 3463 1413 3512 ;
1427 3448 1474 3501 sed
1484 3449 1571 3501 omnis
1583 3449 1694 3502 adnuta-

915 3516 953 3569 lio
975 3519 1126 3571 surculorum
1152 3517 1180 3570 ιιι
1202 3517 1287 3584 planis
1303 3516 1404 3582 liguris,
1427 3529 1454 3570 et
1477 3526 1567 3570 nostra
1583 3519 1633 3570 illis
1647 3533 1695 3573 ea·

914 3594 972 3650 ret;
995 3589 1074 3655 igitur
1093 3598 1134 3640 est
1150 3586 1300 3640 arbitraria.
1319 3586 1358 3639 ιιι
1376 3587 1426 3639 boc
1441 3586 1608 3652 respondeo:
1620 3587 1697 3644 Licet

915 3655 1006 3725 ligurae
1029 3659 1112 3711 nostri
1138 3666 1224 3709 textus
1249 3656 1334 3724 planae
1350 3658 1420 3725 typis
1434 3658 1518 3711 oculis
1542 3672 1594 3710 nun
1615 3674 1698 3725 appa·

80 3676 129 3729 gna
141 3661 172 3711 ad
186 3659 364 3726 coguitionem
379 3667 405 3710 et
429 3671 580 3725 processum
595 3659 620 3710 in
640 3658 766 3712 cantorils
780 3656 862 3712 babe-

915 3735 1001 3791 reant,
1022 3734 1051 3779 ut
1074 3727 1152 3780 hodie
1168 3726 1274 3793 appingi
1291 3724 1387 3788 solent,
1405 3740 1497 3780 revera
1517 3736 1605 3781 tamen
1621 3736 1695 3792 sunt,

79 3744 147 3791 litus,
163 3741 264 3781 veteres
290 3731 369 3781 etiant
390 3740 439 3780 suo
453 3727 532 3779 modo
553 3726 655 3780 clavem
677 3726 821 3792 habebant,
836 3735 863 3781 et

80 3799 217 3851 iruallitnie
241 3798 356 3866 signum,
379 3809 433 3864 quo
451 3804 522 3848 tanta
535 3796 659 3850 liriniiate
680 3796 812 3851 canebant
833 3804 862 3851 ut
876 3783 898 3844 C
913 3805 941 3848 et
959 3810 1038 3849 unitis
1060 3796 1213 3848 seculorum
1240 3795 1357 3863 subjacet
1383 3795 1487 3861 litterae,
1507 3805 1535 3851 et
1549 3798 1694 3852 secundum
1790 3817 1792 3822 ·

80 3884 137 3932 ns,
154 3869 245 3936 quibus
255 3866 357 3920 accedit
370 3866 444 3934 signa
459 3865 546 3920 claves
560 3880 620 3920 esse
637 3868 809 3921 universales.

116 3941 153 3990 rid
179 3938 305 4004 majorem
333 3934 579 4002 comprobationem
593 3936 712 4000 adverte,
735 3936 862 4001 litteram,
913 3945 958 3987 aut
972 3933 1096 3988 diminuit
1111 3935 1187 3988 illud.

81 4023 251 4074 superquam
265 4016 352 4060 textus
367 4004 495 4071 procedit,
516 4018 575 4058 esse
591 4006 719 4068 psalmum
735 4019 862 4071 ;omnetn
950 4003 982 4059 Ut
993 4005 1079 4059 nullus
1089 4005 1136 4058 tibi
1150 4012 1287 4059 retuaneat
1300 4004 1451 4073 scrupulus,
1467 4003 1515 4059 has
1531 4003 1577 4061 tihi
1591 4006 1695 4075 regulas

80 4080 210 4145 psalmum
235 4077 337 4130 cantari
348 4074 397 4128 sub
411 4073 563 4127 surculorum
576 4073 610 4127 illi
632 4073 780 4146 assignato;
797 4085 864 4142 prae'·
913 4087 1029 4143 appono.

80 4158 150 4203 terea
166 4150 318 4200 seculorum
333 4156 423 4199 nostro
436 4144 518 4219 textui
543 4145 706 4211 assignatum
721 4143 768 4198 aba
782 4144 862 4198 dubio
948 4142 1056 4201 liscum
1083 4158 1174 4198 nutui.
1195 4142 1375 4197 Mozarabicus
1394 4155 1441 4198 seu
1457 4139 1586 4197 Gothicus
1601 4153 1696 4200 cantus

79 4233 138 4272 ese
152 4216 220 4270 sexti
233 4214 303 4279 toni;
325 4213 431 4267 aliunde
443 4223 534 4266 sextus
547 4221 625 4267 tonus
647 4212 766 4268 stabilem
784 4213 864 4270 babel
911 4227 1019 4281 semper
1038 4221 1081 4268 est
1107 4214 1211 4278 mistus,
1236 4215 1389 4281 regiturque
1414 4213 1464 4265 sub
1478 4213 1694 4269 consideratione

79 4289 169 4341 scilian
193 4301 267 4338 suam
291 4288 315 4337 in
330 4285 404 4351 signo
419 4280 443 4333 F
454 4298 463 4346 ;
479 4282 596 4347 chordae,
618 4296 665 4337 seu
678 4296 756 4337 voces
774 4298 808 4337 ex
829 4298 863 4339 eo
913 4283 1051 4351 temporis,
1075 4282 1132 4337 sive
1147 4297 1280 4337 mensurae
1306 4281 1429 4347 binaria,
1458 4291 1554 4346 prater
1569 4283 1696 4353 hymnos,

81 4357 263 4424 procedentes,
288 4352 364 4407 hodie
387 4352 493 4406 anobis
508 4367 554 4417 per
577 4355 765 4420 proprietatem
781 4352 863 4408 lernol
911 4354 1037 4422 quisunt
1057 4355 1107 4408 sub
1129 4352 1245 4409 ternaria
1271 4365 1423 4405 mensura:
1444 4359 1473 4405 el
1494 4351 1528 4406 ad
1551 4353 1697 4421 pleniorem

79 4434 229 4489 cantantur,
244 4433 298 4478 eta
316 4424 449 4476 veteribus
462 4436 508 4490 per
519 4422 624 4475 tertium
645 4423 860 4489 tetrachordum
912 4423 1114 4494 intelligentiam
1145 4423 1237 4490 aspice
1268 4419 1346 4490 signa
1369 4429 1457 4475 textus
1482 4423 1604 4490 sirperius
1629 4425 1697 4478 assi-

80 4498 158 4568 igunr
170 4511 229 4550 cuin
243 4493 286 4547 hic
298 4505 349 4546 tam
365 4493 513 4546 diatonicos
525 4493 570 4556 sit,
582 4499 609 4544 et
618 4492 744 4545 naturalis
759 4492 863 4558 quaudo
911 4494 993 4562 gnati.

79 4570 225 4621 carituriain
240 4564 317 4633 regit,
333 4563 402 4616 sicut
413 4562 518 4629 quando
532 4561 589 4615 baec
599 4563 698 4632 regitur
711 4577 725 4615 a
740 4562 816 4631 signo
826 4561 861 4628 ti,
948 4565 1014 4620 iles.
1031 4578 1060 4618 u.
1080 4563 1178 4618 Omnes
1192 4561 1282 4629 ilgurae
1305 4560 1409 4628 soluta,
1424 4560 1486 4615 iicet
1499 4560 1604 4616 diverso
1617 4563 1697 4617 modo

81 4637 247 4690 intimandum
259 4649 310 4687 tion
326 4641 376 4698 est,
387 4631 495 4686 attentis
509 4634 632 4686 omnibus
643 4633 861 4694 circumstantiis,
911 4631 1062 4702 adpunctac,
1086 4642 1115 4687 ιιι
1137 4634 1162 4686 iu
1180 4646 1253 4686 rium.
1269 4631 1281 4683 ι
1301 4639 1329 4686 et
1341 4629 1371 4696 2,
1386 4631 1552 4687 somibreves
1576 4643 1647 4696 suist,
1669 4640 1698 4688 et

80 4711 219 4773 genuinam
244 4719 303 4757 esse
323 4703 522 4769 intelligentiam
545 4703 693 4770 appositam
722 4701 863 4768 textui,el
913 4703 1120 4775 uniuscujusque
1144 4702 1220 4756 valor
1239 4715 1320 4756 unum
1344 4711 1386 4756 est
1411 4708 1526 4770 tempus,
1546 4717 1593 4758 seu
1619 4718 1696 4758 utcu·

80 4793 130 4828 lttitt
145 4793 203 4829 cain
217 4789 276 4842 que
296 4775 425 4826 acaeteris
438 4772 519 4839 signis
534 4772 652 4825 resultas
911 4787 983 4828 sura.

115 4847 238 4910 tiiqicics
262 4847 357 4911 prinu»,
374 4842 462 4909 plures
486 4842 619 4893 cantoriae
641 4854 733 4894 carere
756 4840 863 4896 soerulo·
948 4844 1016 4900 lieo.
1030 4859 1068 4898 ru.
1084 4842 1189 4911 Figurae
1213 4841 1272 4896 aliis
1287 4841 1391 4896 duabus
1413 4850 1459 4896 aut
1479 4851 1595 4913 quatuor
1609 4843 1696 4910 ligatae

81 4933 147 4980 rriiu,
165 4926 191 4966 ct
213 4915 247 4967 ob
266 4919 316 4965 hoc
331 4912 449 4978 dignosci
464 4925 517 4962 non
540 4910 628 4963 valore
641 4927 648 4974 ;
663 4913 711 4964 ιιι
725 4910 747 4964 ιι
768 4912 862 4967 sedulo
912 4915 972 4986 eius
985 4917 1102 4969 valorem
1114 4913 1265 4967 diminuunt
1278 4922 1306 4967 et
1319 4910 1461 4965 dimidiant
1474 4912 1509 4967 ita
1525 4923 1554 4969 ιιι
1564 4913 1623 4967 duae
1635 4915 1699 4981 liga·

82 4983 228 5054 perpendas
252 4983 357 5035 modurn
373 4995 430 5060 quo.
439 4979 550 5047 quilibet
564 4989 641 5033 tonus
666 4982 692 5033 in
707 4995 756 5033 suo
770 4983 862 5051 diapa·
912 4996 1035 5039 treunam
1058 4982 1235 5038 semibrevem
1251 4993 1420 5052 componant.
1438 4983 1493 5037 iiuc
1515 4991 1586 5048 patet
1601 4984 1627 5036 in
1650 4996 1698 5035 uo·

913 3864 1060 3919 ditionum
1076 3866 1266 3934 longitudinem
1281 3876 1326 3920 aut
1345 3865 1502 3921 brevitatem
1518 3866 1603 3921 litteo
1617 3875 1697 3937 auget

80 5071 127 5106 situ
142 5052 287 5108 secundum
303 5065 364 5103 suas
379 5064 493 5120 uiatores
506 5059 532 5102 el
544 5064 660 5104 minores
674 5051 778 5119 species
792 5066 861 5120 pro-

80 5124 160 5192 rcdit,
177 5122 299 5176 lacillitne
315 5121 433 5174 invenies
447 5119 516 5188 quod
531 5128 681 5187 optaveras.

80 5239 83 5247 .
115 5195 238 5264 objicies,
254 5191 383 5254 secundo,
401 5188 585 5243 diliiciliimum
604 5197 632 5243 et
653 5189 709 5243 iere
735 5188 859 5257 inpossi-

80 5264 132 5317 bile
151 5277 210 5318 esse
224 5264 381 5330 dignoscere
400 5262 486 5313 varios
503 5267 531 5313 et
552 5259 674 5313 diversos
688 5258 781 5312 modos
795 5260 859 5314 clia·

80 5346 210 5388 racteruin
224 5334 318 5400 quibus
339 5345 400 5384 suas
413 5329 545 5383 cantorius
561 5329 726 5383 antistabant
742 5337 857 5385 veteres.

78 5405 131 5458 Sed
151 5402 290 5457 considera
319 5402 345 5455 in
375 5402 412 5454 rei
432 5409 544 5453 veritate
570 5399 742 5452 variationem
771 5398 858 5466 quoad

78 5475 254 5528 substantiam
268 5484 320 5524 non
333 5485 409 5533 esse,
426 5468 487 5538 quia
502 5479 575 5522 certe
590 5469 692 5538 primus
706 5478 784 5521 tonus
799 5484 859 5538 per-

79 5543 162 5597 icatus
190 5548 261 5605 erit,
293 5542 314 5594 si
339 5555 445 5593 umnctu
472 5552 549 5590 suum
579 5541 707 5605 diapason
739 5543 858 5592 cantoria

77 5614 228 5682 adimpleat,
246 5624 402 5679 quocunque
417 5607 506 5675 modo,
521 5607 561 5661 vel
583 5608 781 5676 quibuscunque
796 5608 859 5662 cba-

78 5684 225 5737 ructeribus
247 5682 372 5735 adnotata
389 5681 432 5740 sit,
446 5692 494 5731 scu
509 5678 653 5746 descripta.
670 5676 703 5733 Ut
718 5690 781 5744 ergo
800 5691 859 5732 earn

76 5755 235 5826 dignoscere
248 5752 345 5822 possis,
360 5758 479 5803 scrutare
499 5749 521 5801 si
542 5761 606 5804 suus
621 5749 707 5803 linaiis
726 5757 768 5804 est
781 5747 808 5802 in
823 5747 855 5804 b.

913 5063 970 5108 stro
984 5063 1068 5115 testu,
1084 5055 1127 5107 ubi
1153 5068 1227 5105 num.
1249 5052 1277 5113 ιι.
1291 5051 1339 5117 ι,6
1352 5061 1379 5105 et
1392 5052 1418 5116 i,
1435 5061 1462 5107 et
1477 5052 1503 5105 iu
1522 5050 1618 5106 titteris
1633 5051 1699 5117 liet

872 5125 946 5191 DQ,
966 5139 996 5179 ea
1031 5121 1214 5176 tantummodo
1245 5120 1394 5176 differentia
1433 5135 1491 5189 quse
1523 5122 1642 5175 cernitur
1670 5123 1696 5175 in

912 5208 985 5248 turim.
1002 5190 1029 5256 d,
1045 5193 1089 5246 ubi
1104 5192 1169 5262 ligat
1183 5201 1296 5261 quatuor
1310 5191 1426 5260 aequales
1442 5189 1550 5260 ligures,
1572 5205 1699 5261 quocun·

910 5278 963 5334 que
979 5262 1058 5317 inodo
1072 5263 1108 5316 sit
1122 5263 1227 5327 locata;
1242 5271 1270 5315 et
1284 5261 1345 5316 licet
1364 5261 1456 5331 ilgurae
1470 5259 1618 5314 litterarum
1635 5262 1657 5314 ll
1673 5270 1701 5316 et

911 5337 934 5400 Q
954 5334 1020 5387 alias
1035 5342 1147 5401 quatuor
1168 5333 1268 5403 dguras
1291 5330 1402 5400 singulae
1427 5329 1520 5401 ligent,
1545 5329 1699 5399 intelliges·
1738 5392 1742 5401 ι

912 5407 975 5461 dum
988 5412 1030 5456 est
1043 5408 1108 5459 uuas
1130 5402 1232 5472 priores
1255 5402 1388 5463 minimas.
1404 5408 1433 5455 et
1455 5400 1520 5453 alias
1531 5397 1600 5453 duas
1616 5399 1699 5454 semi·

912 5472 1009 5528 breves
1036 5486 1107 5526 esse.
1139 5472 1194 5527 lloc
1221 5474 1339 5540 apertius
1377 5469 1537 5540 intelligitur
1575 5469 1696 5540 sequenti

913 5542 1048 5609 exemplo.
1061 5542 1173 5608 Quando
1188 5554 1237 5596 nos
1255 5540 1335 5594 hodie
1346 5541 1372 5592 in
1385 5551 1505 5608 ternpore
1519 5539 1615 5593 irrinori
1632 5541 1702 5607 ligu-

913 5627 959 5667 ras
972 5612 1074 5666 duabus
1094 5610 1289 5666 sentibrevibus
1304 5608 1439 5679 aequaliter
1455 5611 1548 5679 ligatas
1563 5609 1698 5681 videratis,

911 5689 1029 5737 valorem
1043 5680 1206 5748 duplicatum
1217 5679 1255 5734 eis
1270 5678 1375 5733 darnus.

948 5751 1015 5808 iles.
1028 5764 1064 5807 rt.
1080 5751 1178 5822 i'igura
1199 5763 1259 5821 que
1274 5758 1317 5806 est
1331 5749 1382 5806 sub
1396 5763 1469 5805 uum.
1485 5747 1520 5803 ld
1538 5745 1627 5804 breris
1648 5756 1702 5811 est,
