3758 6224
85 371 139 427 895

88 483 254 537 liestaurans
266 476 386 526 mentem
397 457 555 518 ortamentis
569 451 632 508 [idei

89 577 118 630 ln
132 572 174 626 lris
187 567 320 625 ferborem
334 564 439 615 recreat
450 549 563 607 martirii

90 660 168 730 Quod
184 659 359 729 properarent
373 648 417 704 laic
429 645 463 700 ad
478 645 595 712 palmam
607 635 720 691 alacres.

130 755 251 810 inlusum
265 750 300 804 ita
314 759 345 801 se
355 742 449 798 dolens
461 733 599 805 Sapricius

92 847 241 902 sarbarus
255 843 346 895 censet
359 845 432 886 artus
446 840 543 896 cupam
555 834 634 877 urere

94 941 214 1006 Quarum
225 948 258 989 es
271 943 337 984 nece
349 925 414 980 dum
427 917 518 978 ulcisci
532 912 626 968 nititur

97 1027 228 1085 Victrices
241 1021 303 1077 t‘eeit
315 1018 408 1074 etlrera
421 1005 603 1067 coruscendere

97 1121 138 1179 sd
151 1114 295 1174 obtinenda
310 1110 434 1165 diadema
447 1101 531 1172 regia.

133 1213 230 1270 Gavisa
244 1207 334 1275 celeps
347 1204 413 1258 duru
425 1214 457 1254 er
474 1197 526 1249 lroc
539 1188 694 1262 presisteret

98 1305 207 1364 bueuda
221 1301 296 1374 penis
308 1297 467 1353 sublimatur
480 1287 574 1356 stipite

100 1398 248 1455 bilaniatur
261 1389 351 1461 lloqris
363 1386 451 1454 adque
465 1377 572 1449 ungulis

101 1491 227 1546 libenter
240 1482 340 1554 perlert
352 1477 435 1533 iacies
448 1468 555 1545 [laces]
568 1469 594 1524 in
608 1463 736 1523 lateribus

102 1582 142 1638 ad
156 1581 257 1650 palmas
270 1575 372 1629 uultum
385 1578 513 1638 properas
527 1563 644 1616 illarum.

139 1674 314 1730 atrocitatem
327 1676 499 1736 supergressa
513 1654 628 1727 presidis

104 1761 265 1834 spiculatori
280 1755 436 1828 perimenda
451 1748 567 1805 traditur

104 1855 227 1910 liubtura
240 1861 368 1918 sponsum
382 1845 435 1897 iam
447 1840 584 1909 quoheres
598 1831 738 1888 martirum

108 1947 165 2003 Sibi
183 1941 283 2013 potenti
299 1938 402 1994 Teulilo
416 1930 561 1989 scolastico

108 2038 219 2095 liunere
234 2035 317 2088 misso
329 2031 464 2084 laureatur
476 2020 616 2092 sauguine.

146 2130 167 2184 E
182 2125 305 2197 paradiso
316 2120 449 2176 destinata
462 2126 574 2169 munera

110 2220 231 2276 Teudlus
244 2226 354 2270 sumens
366 2209 513 2264 admiratur
524 2201 645 2272 stupidus

112 2312 207 2367 Trium
220 2307 352 2362 melorum
363 2301 404 2358 rel
416 2311 540 2356 rosarum
553 2293 677 2349 suabium

113 2406 233 2472 Quorum
247 2398 352 2452 alllatus
365 2400 509 2448 renouatur
523 2386 612 2442 riuido

113 2492 257 2553 tiredendo
271 2488 360 2544 laudat
372 2485 509 2542 Christum
524 2479 572 2535 bet
587 2474 695 2533 Filium.

149 2589 236 2656 Quum
250 2593 321 2638 esset
332 2580 398 2635 olim
411 2574 500 2631 crucis
511 2568 611 2628 Christi
623 2566 728 2623 derisor

120 2679 265 2737 Coniessot
280 2674 365 2728 iactus
379 2675 491 2739 repente
503 2661 661 2735 potissimus

119 2769 222 2828 biliuso
236 2782 284 2824 ore
295 2762 456 2820 crucilirum
468 2755 609 2829 predicans

119 2862 330 2921 simulacrorum
344 2856 521 2923 imposturam
534 2849 560 2902 iu
574 2846 697 2901 dammas

123 2958 242 3012 Funestt
255 2964 348 3007 curam
359 2943 467 3017 preside
479 2939 646 3013 prenuntiat.

157 3046 235 3102 Turre
248 3041 341 3097 lutens
355 3037 434 3093 indus
448 3036 521 3090 buno
532 3031 604 3087 sistit
616 3025 711 3085 eculeo

123 3138 301 3198 alliciendum
314 3132 391 3204 penis
405 3125 557 3184 noxialibus

124 3235 209 3301 Quem
224 3238 253 3285 ut
265 3226 381 3282 advertit
391 3221 465 3277 uultu
479 3213 688 3288 imperterritum

124 3333 163 3381 dc
174 3322 337 3394 pertinacem
351 3319 377 3371 itt
391 3313 444 3369 ilde
456 3311 600 3381 persistere

125 3417 237 3476 l‘erimit
249 3427 314 3468 ense
327 3423 389 3465 uror
402 3406 496 3463 elleeta
509 3402 657 3457 martirem.

161 3507 203 3563 Ob
219 3505 271 3559 boe
284 3502 429 3555 liedemtor
440 3493 573 3564 supplices
587 3485 760 3558 exposcimus

127 3600 163 3656 llt
178 3597 276 3667 quique
292 3595 388 3647 borum
403 3584 603 3655 congaudemus
617 3579 723 3635 meritis

131 3694 165 3745 lit
177 3689 248 3744 diem
261 3684 359 3740 lustum
373 3679 464 3736 botibe
478 3674 627 3733 excolimus

130 3783 172 3838 llb
186 3779 228 3834 bis
241 3775 344 3832 dolensi
360 3783 501 3828 careamus
515 3765 586 3821 titiis

132 3874 332 3943 Expiemurque
345 3862 450 3921 cunctis
462 3875 477 3915 a
490 3857 625 3929 deliquiis.
638 3881 643 3890 ·

170 3968 212 4023 llii
226 3978 331 4036 quoque
344 3959 446 4016 nostris
460 3955 575 4014 labendo
590 3952 727 4008 miseriam

131 4055 368 4130 Conpatieudoque
381 4047 586 4107 necessitatibus

134 4152 246 4207 (iunctis
258 4147 391 4202 adsistant
404 4141 509 4213 patroni
521 4139 623 4196 assidui

135 4244 170 4301 Ut
182 4257 252 4298 nunc
264 4248 372 4310 ereptos
385 4235 419 4291 ab
430 4231 640 4291 adversitatibus

137 4341 261 4396 licturus
273 4350 365 4392 secum
379 4330 503 4404 proleant
514 4320 686 4401 [prorebant]
696 4321 732 4378 ad
744 4318 889 4393 premium.

172 4432 266 4488 Presta
278 4438 425 4498 quesumus
439 4423 528 4478 unitas
540 4417 660 4489 potentia

136 4526 248 4583 Summa
261 4521 306 4588 qui
318 4519 391 4588 repis
404 4514 558 4571 seculorum
570 4509 661 4566 secula

137 4623 173 4678 Ut
187 4628 213 4675 te
231 4616 349 4672 lruamus
363 4609 422 4665 sine
435 4609 489 4664 line
503 4616 625 4676 tempora

140 4714 196 4768 Lur
213 4706 369 4779 angelorum
385 4710 413 4759 et
426 4702 485 4757 dies
498 4696 643 4768 perennius

139 4803 186 4860 Sol
201 4804 260 4873 ipse
271 4796 351 4855 nobis
362 4795 454 4865 rigeat
469 4795 624 4862 perpetuus.

183 4896 202 4966 5
215 4934 222 4949 .
234 4893 373 4950 iustorum
384 4886 486 4942 anime.

212 4985 309 5041 imaus
323 4981 350 5036 in
359 4980 427 5035 diem
439 4986 525 5033 tenete
535 4971 639 5029 Euloiie
651 4968 860 5026 barcinonensis.

179 5079 274 5149 Fulget
287 5077 374 5131 bonor
386 5070 502 5143 sepulcri
518 5065 636 5125 martiris
651 5063 761 5121 bulalle.
778 5059 813 5117 tlt
837 5061 864 5115 ia
877 5058 934 5130 ejas

144 5152 308 5215 Fertioitote,
322 5147 363 5201 die
376 5144 420 5200 11.
434 5139 581 5197 Februarii.

306 5236 403 5294 smnus
420 5234 448 5288 itt
466 5233 569 5287 catedra
588 5230 669 5284 macti
691 5225 772 5281 Petri.

360 5303 433 5363 llll
452 5302 586 5358 Kuiertdos
600 5296 724 5355 Martios.

182 5409 204 5465 0
216 5405 294 5462 Petre
304 5412 379 5476 petra
391 5401 514 5458 ecclesie.
529 5395 562 5454 llt
574 5396 601 5451 in
611 5386 659 5450 bue
669 5389 829 5457 retornus,
840 5384 937 5444 dieii.

192 5503 230 5572 i.
245 5499 337 5557 Gloria
350 5506 377 5552 et
391 5492 492 5552 divitie.

185 5597 280 5653 l'mnns
299 5596 326 5648 io
344 5593 412 5646 diem
432 5597 581 5646 mortorum
595 5579 718 5639 Emeterii
729 5586 755 5635 et
768 5573 903 5634 celedoni.

403 5660 425 5716 V
447 5661 536 5715 Nonas
552 5656 672 5712 llortirr.

184 5764 288 5832 Scripta
308 5769 370 5816 stunt
389 5758 449 5814 nelo
471 5757 596 5814 duorum.
624 5750 659 5809 lit
684 5750 711 5803 iu
726 5760 812 5802 corant
829 5738 940 5802 festini.

150 5870 219 5932 tote,
235 5858 275 5913 die
286 5853 313 5910 s.
331 5849 432 5907 ilrrtii.

709 320 921 387 bttst'tsttltltt
940 312 1129 373 Gottttetltt.

892 429 1028 508 Al'mnss
1046 425 1172 481 dicetrdos

1190 418 1340 477 dominicos
1352 418 1412 484 post
1431 403 1611 480 Apperitiou
1629 399 1717 457 boras

967 501 1009 625 laed1
1011 497 1160 624 &perron
1177 505 1256 562 usqae
1275 488 1310 543 ad
1326 482 1466 541 dominico
1487 487 1551 533 onte
1569 472 1665 530 &reor
1679 474 1716 528 toi

970 707 1039 779 Aqui
1053 703 1164 763 Genitor
1177 699 1303 757 Domine.
1320 694 1355 752 tlt
1367 695 1396 750 iri
1410 687 1563 757 Brwiorio,
1581 686 1630 761 [ol.
1643 685 1685 741 tii.

1131 839 1230 894 locres
1244 836 1271 893 in
1284 834 1380 892 Gnaei
1396 830 1542 887 rodendas.

974 955 1088 1012 Alleluia
1103 954 1153 1023 piis
1167 949 1240 1009 edite
1253 948 1388 1006 laudibus.
1402 945 1452 1019 [oi.
1466 942 1534 1001 13¹1.

983 1049 1019 1117 p.
1035 1048 1119 1115 Quam
1134 1046 1231 1102 dulcia.

1156 1204 1253 1259 Ymnur
1265 1202 1297 1257 de
1310 1199 1528 1271 Qaudroqerirtts.

978 1322 1150 1378 ONazarene
1163 1319 1209 1375 lux
1222 1316 1345 1375 bethlem
1359 1314 1478 1373 Verbo·
1491 1311 1596 1369 Patris.
1607 1310 1656 1383 pol.
1668 1311 1720 1367 pu,

945 1412 1013 1484 tls,
1029 1413 1097 1481 tte,
1112 1411 1176 1469 tlt.

1069 1550 1137 1606 item
1150 1549 1216 1604 nlius
1230 1545 1401 1603 remediante
1415 1541 1635 1614 Quadrupedmr.

1063 1664 1169 1721 sabens
1180 1662 1310 1719 redemtis
1323 1669 1385 1716 rota
1399 1657 1585 1724 abstinentie,

1021 1757 1140 1814 decurre
1154 1755 1232 1810 lessir
1245 1752 1305 1808 bur
1316 1765 1397 1807 serus
1410 1746 1593 1813 Emmanuel,

912 1824 938 1886 Β
1023 1853 1044 1905 Α
1059 1862 1112 1917 quo
1126 1847 1213 1902 dicata
1228 1841 1352 1898 sanctius
1365 1838 1464 1895 ieiunia

1027 1945 1125 2001 Forma
1139 1940 1220 1997 iuturi
1233 1937 1353 1995 noscitur
1364 1934 1397 1991 ad
1409 1932 1525 2006 gloriam

1025 2037 1100 2108 tipus
1112 2034 1213 2089 celeste
1225 2028 1301 2105 requi
1314 2042 1375 2084 esse
1388 2028 1508 2081 ianuarn.

1064 2126 1114 2183 Cui
1127 2127 1151 2181 si
1164 2136 1277 2180 consors
1290 2121 1361 2176 clara
1375 2118 1450 2174 sidus
1463 2114 1583 2172 rutilans

1029 2222 1111 2293 tqntta
1125 2219 1227 2286 lampas
1242 2216 1386 2270 misceatur
1396 2210 1525 2283 largitas,

1029 2312 1149 2382 Utraque
1163 2308 1250 2363 libans
1263 2305 1336 2363 celsa
1349 2304 1472 2374 quisnam
1485 2299 1584 2356 dextra

1031 2405 1145 2474 lliteque
1156 2413 1267 2470 compos
1279 2405 1308 2454 ut
1320 2395 1370 2452 alis
1381 2393 1523 2466 pinnigera

1034 2496 1130 2555 volatu
1144 2493 1239 2565 pernix
1253 2490 1307 2561 poli
1320 2488 1376 2544 adit
1389 2486 1494 2544 intima.

1069 2585 1177 2662 [scritti
1193 2582 1298 2654 insigne
1311 2578 1389 2637 cuius
1402 2578 1502 2635 tlotses
1516 2572 1666 2632 misterium

1035 2683 1082 2740 Dei
1097 2681 1199 2736 amicus
1211 2679 1300 2734 estitit
1310 2673 1419 2731 oraculo
1431 2689 1440 2740 ;

1033 2777 1135 2847 llaptus
1146 2773 1218 2828 Elias
1229 2770 1280 2827 celi
1291 2780 1372 2825 curro
1383 2767 1477 2838 igneo,

1036 2869 1115 2926 Fulta
1131 2876 1221 2922 tuetur
1235 2860 1350 2918 Ninnibe
1364 2873 1425 2914 curn
1440 2855 1545 2912 'civibus

1037 2960 1114 3030 Quod
1129 2956 1205 3015 uerbi
1219 2955 1305 3010 claret
1318 2950 1442 3009 veritatis
1457 2947 1578 3004 nuntius.

1072 3051 1175 3108 Passim
1188 3045 1286 3102 deinde
1299 3054 1326 3098 tu
1340 3040 1469 3113 magister
1481 3037 1600 3095 celibum

1039 3147 1141 3214 Quater
1154 3141 1259 3197 dierum
1273 3136 1363 3193 decies
1378 3132 1514 3191 curriculo

1042 3235 1136 3292 l'ietor
1150 3229 1274 3287 triumlas
1287 3222 1403 3298 paradisi
1416 3223 1546 3288 heremo,

1040 3328 1129 3384 llorso
1143 3322 1233 3380 delicti
1246 3319 1361 3376 abluens
1375 3315 1489 3381 ieiunio,

1042 3419 1157 3476 Prorsus
1169 3413 1297 3472 resistens
1311 3405 1445 3467 temtatori
1458 3404 1567 3464 callido.

1081 3506 1157 3577 Quod
1172 3486 1222 3563 nos‘
1232 3512 1376 3574 sequentes
1387 3498 1507 3556 usitatim
1522 3494 1639 3553 decimas

1043 3600 1138 3658 Saltim
1153 3599 1256 3654 dierunt
1272 3608 1344 3651 nunc
1356 3594 1464 3649 litamur
1477 3588 1586 3647 bortis:

1044 3699 1085 3755 Tu
1098 3709 1205 3768 quoque
1218 3691 1291 3749 mitis
1305 3689 1373 3762 iupis
1386 3685 1570 3758 indulgentia,

1043 3790 1080 3849 tlt
1094 3790 1250 3846 holocausta
1262 3783 1340 3842 eldce
1352 3778 1545 3853 pinguissima,

1046 3885 1103 3953 Qua
1116 3879 1256 3952 expiemur
1270 3876 1391 3934 cordium
1405 3870 1520 3944 piacula.

1082 3973 1212 4032 Poculum
1224 3977 1283 4026 esto
1294 3968 1349 4025 rite
1362 3961 1535 4030 sitientibus,

1046 4068 1117 4124 Foris
1129 4079 1198 4137 aque
1210 4061 1271 4117 rire
1283 4057 1360 4129 requi
1372 4060 1433 4111 sors
1445 4051 1589 4121 denarios,

1047 4157 1125 4215 Guile
1137 4156 1181 4227 qui
1193 4161 1272 4225 quatu
1284 4150 1311 4207 ln
1326 4147 1411 4205 Adam
1424 4144 1591 4209 cecidimus,

1048 4247 1192 4319 surgendo
1206 4246 1232 4301 ln
1247 4252 1273 4299 te
1287 4237 1432 4297 ieiunando
1444 4234 1559 4306 dapibus
1633 4214 1637 4219 ’

1053 4341 1218 4398 llelleiamus
1229 4350 1289 4392 cum
1305 4329 1430 4403 supernis
1442 4326 1558 4385 ciuibus.

1089 4430 1141 4498 Qui
1154 4428 1333 4485 contritorum
1349 4436 1400 4478 usu
1412 4418 1546 4476 sacriticio

934 4552 941 4563 ·
1056 4521 1130 4578 Ades
1144 4518 1242 4575 latroni
1255 4517 1281 4570 in
1295 4511 1383 4569 crucis
1396 4508 1516 4580 patibulo
1528 4522 1537 4575 ;

1052 4618 1135 4675 Nobis
1147 4615 1241 4672 adesto
1253 4609 1349 4668 celitur
1362 4605 1532 4670 taburnius,

1054 4713 1143 4770 Nostri
1158 4716 1311 4774 memento,
1324 4716 1375 4760 nos
1387 4701 1421 4756 de
1433 4709 1518 4759 nono,
1526 4695 1651 4768 mploe.

1054 4805 1127 4873 Quos
1138 4799 1275 4858 redemisti
1289 4807 1334 4853 tuo
1348 4808 1426 4851 sacro
1438 4790 1580 4861 sanquine.

1091 4898 1178 4955 luder
1193 4895 1291 4965 etipse
1303 4905 1385 4963 quum
1398 4885 1554 4945 tremendas
1563 4881 1670 4941 reseris

1059 4991 1151 5049 orcita
1164 5001 1245 5045 cruoe
1256 4985 1413 5056 angelorum
1426 4978 1562 5042 barnerio.

1059 5085 1177 5140 Terrore
1191 5078 1319 5137 mundum
1334 5075 1453 5146 tubeque
1465 5068 1656 5138 concussere,

1057 5178 1126 5233 Cum
1139 5173 1241 5231 sanctis
1254 5170 1306 5242 ipsi
1321 5165 1441 5224 iuuobati
1455 5164 1570 5236 gloriam
1584 5204 1593 5231 ‚

1060 5269 1186 5325 Dextram
1197 5271 1321 5320 tenentes
1332 5259 1478 5315 eradamus
1490 5263 1601 5315 tarum.

1068 5371 1074 5383 ¹
1097 5363 1245 5432 Pressaque
1258 5369 1362 5413 eumuna
1375 5352 1493 5409 'lriuitas
1507 5348 1643 5421 potentia,

1062 5459 1165 5512 (Iuncta
1178 5450 1223 5523 qui
1239 5448 1311 5520 regis
1325 5444 1479 5502 seculorum
1493 5440 1604 5505 secula,

1064 5551 1100 5608 tlt
1113 5558 1140 5605 te
1151 5551 1270 5603 lruentes
1284 5542 1343 5599 slne
1357 5540 1411 5596 liae
1423 5536 1525 5611 gloria,

1066 5646 1123 5702 Lus
1138 5640 1296 5710 angelorum
1308 5643 1335 5692 et
1347 5634 1406 5691 dies
1419 5630 1575 5702 perennius,

1064 5737 1111 5797 sol
1125 5737 1183 5806 ipse
1195 5732 1272 5791 nobis
1284 5731 1374 5803 tipeas
1386 5735 1541 5801 perpetuus.

1103 5829 1198 5888 amen.
