3758 6224
119 309 169 367 ιη
864 291 1025 351 esuum.
1695 296 1747 353 ers

120 429 148 483 in
176 426 312 494 pulberem
330 441 336 475 :
352 423 414 492 qcrin
439 437 483 476 ros
506 420 573 476 lueis
601 432 644 475 rus
671 427 757 480 tuum,
783 425 810 470 et
836 399 1098 471 terraiocuiorum
1114 416 1241 463 ictorum:
1257 411 1439 461 verumtamen
1460 419 1551 463 rursus
1565 407 1661 464 ridebo
1677 418 1746 467 tera·

118 517 255 589 gigantum
266 515 372 569 detraes
385 513 411 567 in
424 514 538 573 ruinam.
961 498 1032 564 plum
1047 508 1168 555 sanetum
1184 505 1268 553 tuum.

161 606 230 660 iiado
243 602 338 672 popule
351 615 440 667 meus,
459 602 528 656 iutra
552 601 579 656 iu
598 599 721 656 eubieuie
736 608 792 660 tua,
814 596 909 651 eiaude
995 589 1234 646 Circumdederunt
1244 604 1286 645 nte
1296 588 1503 660 aeneasquead
1515 588 1654 657 animam,
1669 591 1748 666 abys.

121 697 209 753 iaostia
230 706 275 749 tua
294 707 375 762 nuper
399 702 437 761 te,
451 691 617 747 abscondere
643 689 775 745 modicum
799 687 833 742 ad
852 700 910 742 mo-
966 695 1013 739 sus
1028 681 1139 737 ballabit
1152 695 1206 751 me,
1224 679 1330 751 polagus
1343 677 1484 749 cooperuit
1495 685 1578 750 eaput
1590 694 1681 737 meare
1695 683 1749 738 :ad

123 800 241 846 neutum
257 807 263 841 ε
280 786 365 842 donee
377 792 493 842 transeat
511 782 666 854 indignatio.
961 785 1080 832 extrema
1103 775 1232 830 morinum
1256 771 1393 839 detoeudi,
1408 781 1480 829 terre
1504 781 1595 831 rorter
1608 773 1749 832 eoueluse·

485 876 551 933 biii.
961 865 1276 922 marmannorum.-

321 984 547 1028 contrauersim
563 983 711 1026 raorusrn.
997 958 1029 1012 Et
1040 955 1196 1013 sublevabis
1211 955 1246 1013 de
1263 955 1464 1026 eorreptionem
1489 953 1684 1028 [corruptione]
1710 957 1750 1013 ri·

435 1060 552 1130 Copitmo
566 1059 612 1117 bs.
962 1058 1015 1106 tam
1030 1063 1117 1104 meam
1133 1065 1140 1102 s
1157 1046 1267 1104 bomine
1281 1046 1350 1102 beus
1364 1061 1450 1103 meus.

161 1162 228 1217 nea.
255 1158 353 1215 Audite
372 1157 417 1227 oui
437 1156 514 1223 longo
535 1154 602 1209 estis
624 1165 677 1222 oue
698 1150 808 1209 iecerint
825 1167 831 1203 :
846 1147 912 1204 dieit
996 1144 1084 1213 Quum
1099 1142 1296 1215 angustiaretur
1319 1141 1345 1196 in
1369 1156 1413 1196 nte
1436 1140 1525 1197 anime
1547 1157 1621 1209 ntea,
1642 1142 1750 1199 Domini

124 1253 254 1310 botelinus
267 1261 294 1305 et
306 1247 460 1319 eogrtoscito
478 1243 659 1298 lentitudinem
675 1255 773 1296 nteatn.
962 1239 1015 1294 mei
1029 1236 1186 1292 reeordatus
1200 1249 1260 1291 suro
1282 1252 1289 1287 z
1308 1244 1337 1291 et
1359 1235 1447 1290 reniet
1460 1234 1546 1290 oratio
1561 1250 1620 1291 mea
1633 1235 1667 1290 ad
1683 1244 1752 1292 tent-

159 1341 305 1399 Coniorriti
333 1347 397 1396 suut
422 1339 448 1393 iu
476 1338 550 1407 Syou
579 1344 735 1404 peeentores
760 1351 767 1388 :
794 1330 913 1401 pcmesit
964 1330 1269 1401 piumsanetumtuuut.

123 1432 363 1504 timorl'poeritas.
997 1419 1048 1487 Qui
1077 1418 1232 1474 custodiunt
1257 1419 1387 1474 vanitates
1404 1435 1410 1470 :
1427 1414 1525 1473 frustra
1539 1418 1751 1475 mi-ericordinm

160 1524 270 1601 [uttan]
284 1525 350 1594 Quis
367 1525 464 1594 poterit
480 1521 602 1576 babitare
621 1519 655 1573 tio
677 1518 753 1573 robis
772 1530 834 1572 eunt
850 1515 911 1585 igne
962 1524 1036 1566 suam
1047 1511 1253 1581 dereliquerunt.

123 1617 271 1673 devorante
287 1636 292 1670 :
308 1625 352 1670 aut
367 1616 427 1685 quis
442 1613 571 1669 itabitabit
584 1625 618 1667 es
642 1609 718 1666 vobis
733 1622 794 1664 enm
806 1605 913 1662 ardori·
1001 1604 1058 1673 Ego
1072 1613 1161 1659 autern
1174 1619 1234 1659 eunt
1250 1616 1316 1659 roeo
1341 1603 1427 1658 laudis
1441 1603 1588 1660 immolabo
1601 1603 1648 1659 tibi
1662 1623 1668 1658 :
1684 1621 1750 1676 quo-

124 1710 174 1763 bus
184 1708 362 1777 sempiternis.
721 1756 725 1764 ,
963 1708 1077 1765 eumque
1089 1694 1150 1751 tobi
1164 1693 1274 1750 reddam
1290 1709 1338 1764 pro
1349 1694 1436 1749 salute
1453 1692 1575 1749 bontltro.

160 1802 209 1870 Qui
221 1798 374 1856 ambulatio
391 1797 498 1853 iustitiis
514 1813 521 1851 ι
537 1806 564 1851 et
580 1796 695 1866 loquitur
705 1793 857 1849 verentem.
928 1763 951 1822 B
1321 1802 1387 1859 mu⁸

159 1892 210 1959 eri
230 1890 326 1961 proieit
346 1888 485 1946 amcitiam
500 1898 527 1942 et
541 1886 702 1942 calumniam
727 1901 735 1940 :
759 1895 787 1939 et
809 1883 913 1940 excutit
1036 1900 1038 1905 ·
1137 1912 1270 1953 meu„
1291 1911 1324 1950 „g
1344 1909 1421 1950 Lm„
1441 1910 1524 1950 „m
1545 1910 1580 1949 pv,

122 1997 220 2037 orarius
234 1995 297 2036 suas
307 1980 342 2037 ab
352 1978 426 2035 otnni
440 1992 563 2035 munere.
1279 1983 1399 2054 Cominio
1412 1984 1438 2040 8.

159 2075 209 2143 Qui
225 2075 340 2130 obdurat
354 2086 433 2128 aures
448 2086 510 2126 sues
525 2087 558 2124 ue
574 2068 665 2123 audiat
684 2069 843 2139 sanguinem
860 2085 866 2120 z
884 2075 913 2122 et
996 2078 1023 2151 g
1039 2077 1117 2132 χιιι,
1140 2077 1246 2132 [urtice.
1364 2127 1367 2134 ,

122 2169 329 2224 cinuditoeulos
343 2181 406 2222 sites
421 2181 455 2221 ¹¹⁰
469 2163 557 2219 videi!
572 2162 683 2228 malurn.
997 2172 1065 2227 Aba.
1095 2168 1195 2225 Tronus
1219 2180 1277 2224 tues
1301 2169 1370 2223 lleut
1393 2167 1592 2234 inextimabilis:
1618 2178 1643 2224 et
1668 2171 1751 2244 pierio

162 2258 213 2314 isis
228 2257 378 2314 inexstisis
394 2254 697 2313 babltebitnrunimenta
707 2266 834 2309 satorum
848 2252 913 2308 sili)-
960 2261 1204 2332 incomputribilis
1221 2276 1231 2316 ,⁸
1246 2263 1287 2315 cui
1315 2262 1400 2315 adstat
1424 2261 1506 2316 omnip
1525 2264 1650 2319 menime
1672 2276 1749 2337 ange.

123 2352 224 2407 limitas
247 2351 306 2407 eius
323 2370 329 2406 :
344 2352 421 2422 panis
442 2351 470 2407 ei
495 2350 574 2405 datus
596 2356 638 2405 est
657 2363 725 2419 aque
737 2347 795 2418 ejus
817 2345 912 2403 dtleies
962 2353 1046 2410 trram
1059 2368 1118 2411 enm
1132 2360 1256 2422 tremore,
1269 2355 1467 2427 coincorportos
1482 2357 1589 2418 erriocit
1604 2354 1708 2428 rienes
1727 2367 1752 2413 ιι

122 2455 197 2501 suni.
961 2446 1105 2518 indiprtotio
1120 2446 1246 2501 tabescere
1258 2456 1366 2501 montes.

163 2539 261 2608 iicgent
276 2538 301 2592 in
316 2537 414 2593 decore
429 2552 478 2592 suo
495 2536 644 2602 ridebunt,
666 2534 738 2590 oeuii
767 2536 825 2591 eiua
852 2546 912 2590 ees·
999 2536 1070 2594 sita.
1086 2534 1209 2595 lliserere
1225 2536 1335 2593 Domine
1351 2539 1388 2595 eit
1401 2540 1445 2610 qni
1456 2552 1509 2596 nou
1524 2540 1617 2595 iruimt
1634 2543 1751 2599 ιιιὺιιιιιιι

123 2640 190 2686 nent
202 2640 300 2686 terram
310 2628 344 2685 de
358 2631 456 2699 longe:
473 2642 521 2684 eor
531 2637 605 2684 tuum
620 2627 792 2684 meditabitur
803 2627 910 2683 timore.
963 2630 1026 2685 tiam
1041 2631 1164 2685 torrorem
1177 2647 1292 2698 oneum.

163 2723 212 2779 ilbi
222 2732 264 2778 est
277 2722 398 2778 literatos
422 2721 467 2778 ubi
488 2722 554 2792 legis
575 2721 619 2776 ubi
637 2719 718 2777 rerba
733 2721 888 2791 ponderans
903 2735 911 2774 ι
997 2720 1111 2779 bomine
1124 2722 1169 2794 qul
1184 2721 1289 2777 babilis
1307 2722 1334 2777 in
1352 2733 1474 2779 eternum
1493 2741 1499 2777 ε
1515 2726 1591 2780 euius
1606 2727 1675 2783 oeuii
1687 2726 1749 2783 cleri

123 2816 170 2872 uisi
183 2815 277 2871 doetor
290 2813 474 2886 parvulorum.
962 2820 991 2870 et
1004 2812 1143 2884 superiore
1158 2814 1185 2867 in
1200 2820 1274 2868 senc.

163 2906 294 2978 Populum
308 2906 502 2976 imprudentem
517 2920 571 2963 non
582 2904 695 2972 ridebis.
711 2905 838 2975 populunt
851 2904 913 2961 aitis
998 2905 1081 2960 Cuius
1095 2912 1189 2960 tronus
1204 2903 1392 2960 inextimabilis
1405 2914 1450 2960 :et
1464 2904 1548 2976 pluria
1574 2907 1749 2977 inconpreen-

123 2999 298 3056 sermonibus
316 3017 323 3054 :
340 2999 376 3053 ita
390 3006 420 3053 ut
434 3012 487 3054 non
510 2997 597 3068 possis
620 2996 771 3063 intelligere
791 2995 913 3052 disserti·
965 2994 1063 3052 sibilis.

123 3090 245 3147 tudinem
255 3090 347 3160 lingue
359 3090 416 3146 eius
431 3089 458 3144 in
470 3103 524 3159 qua
537 3087 609 3144 uuile
624 3095 666 3145 est
679 3088 822 3160 sapientia.
928 3117 951 3179 C
1002 3088 1051 3145 Cui
1065 3090 1153 3145 adstat
1179 3089 1266 3144 omnis
1289 3087 1424 3144 exereitus
1446 3089 1602 3160 augelorum
1616 3105 1679 3149 enm
1699 3100 1754 3150 tre·

163 3181 276 3251 itespioe
288 3178 505 3253 Syonciritatem
520 3179 718 3236 solemnitatem
742 3178 915 3252 [solemnite-
968 3193 1043 3236 more
1059 3198 1066 3234 r
1081 3191 1174 3236 eornm
1192 3177 1343 3236 obserrutio
1356 3179 1384 3233 in
1410 3188 1491 3236 rento
1513 3186 1541 3236 et
1565 3181 1619 3252 igni
1642 3196 1756 3242 eonsec-

124 3273 173 3345 tis}
188 3281 279 3328 nostre
295 3290 301 3324 :
317 3271 387 3327 oenii
402 3272 438 3326 tui
453 3270 582 3327 ridebunt
595 3271 760 3327 iiterusalem
775 3269 916 3327 babitatin
967 3272 1043 3327 titur.

124 3380 189 3421 nem
203 3362 366 3434 opulentam.
1003 3362 1084 3421 cuius
1096 3363 1207 3420 verbum
1222 3363 1328 3419 tirmum
1345 3382 1351 3417 :
1366 3373 1393 3420 et
1405 3362 1475 3419 diets
1491 3368 1699 3434 perseverantia.

163 3453 376 3510 tabernaculum
391 3452 461 3524 quod
482 3469 649 3525 nequaquam
665 3452 805 3509 tnrtsierri
819 3453 916 3523 poterit
1003 3456 1086 3513 Cuius
1099 3457 1244 3528 dispositio
1255 3455 1331 3512 ionis
1345 3474 1351 3508 ι
1363 3465 1390 3511 ot
1405 3455 1487 3512 iussio
1503 3457 1639 3513 tertibilu.

125 3562 179 3602 nee
192 3546 348 3602 anierontor
357 3545 425 3601 elavi
435 3545 495 3603 eius
510 3546 536 3600 iu
551 3547 742 3616 sempiternum
759 3564 765 3599 :
782 3553 809 3600 ct
821 3557 915 3601 ornnes
1001 3548 1086 3605 tinius
1098 3558 1224 3620 aspectos
1238 3548 1349 3604 areiaeit
1367 3548 1480 3620 abysos,
1494 3557 1522 3604 et
1550 3549 1697 3622 indignatio
1711 3560 1754 3607 ta·

126 3635 238 3692 torriculi
252 3637 309 3693 eius
321 3650 372 3691 non
389 3646 555 3705 rumpentur.
967 3641 1077 3697 bescere
1092 3649 1197 3696 montes
1214 3658 1221 3692 :
1236 3646 1264 3695 et
1276 3640 1376 3696 veritas
1391 3641 1558 3697 testiiieetur.

164 3730 232 3802 (prtia
246 3728 415 3784 solummodo
438 3727 474 3783 ibi
499 3726 654 3798 magnilieos
674 3727 804 3784 boninus
823 3733 915 3784 notter
1003 3730 1107 3788 Exaudi
1119 3732 1393 3791 bomiueorrtionem
1410 3735 1482 3792 serti
1498 3735 1535 3791 tui
1551 3754 1558 3789 ε
1573 3735 1681 3792 totlitur
1695 3752 1755 3806 per-

125 3822 205 3877 lectis
218 3819 361 3877 iittb'torttnt
377 3836 383 3874 ε
401 3818 449 3873 risi
465 3817 587 3875 latissimi
598 3828 625 3874 el
636 3826 769 3888 palmites.
967 3825 1026 3894 cipe
1041 3824 1258 3895 deprecationem
1271 3825 1388 3896 figmenti
1402 3828 1453 3895 tui,
1467 3828 1576 3884 intende
1590 3831 1669 3885 verbe
1684 3840 1753 3885 mos,

165 3912 225 3967 lion
252 3909 375 3967 tramittit
396 3924 444 3978 per
468 3924 529 3966 eom
560 3908 638 3964 natis
662 3908 793 3980 rentipum
809 3925 816 3963 t
830 3922 916 3978 neque
1005 3915 1072 3971 burn
1087 3916 1159 3973 enim
1175 3917 1236 3972 ribo
1261 3916 1356 3988 loquar
1381 3935 1388 3972 ι
1415 3925 1443 3975 et
1465 3919 1529 3975 dum
1553 3920 1628 3989 seprio
1643 3934 1754 3990 respou-

127 4004 248 4062 triremis
263 4016 361 4075 magua
373 4000 584 4073 transgredietur
598 4015 670 4057 eam.
968 4007 1056 4062 deam.

166 4096 294 4152 Dominus
315 4096 386 4150 enirn
418 4093 499 4149 ludex
529 4101 640 4158 noster,
671 4091 799 4146 Dominus
822 4090 917 4161 legiler
1004 4096 1042 4150 ile
1060 4096 1174 4166 aspicias
1193 4096 1283 4167 popuii
1306 4097 1473 4154 tuidelieta:
1489 4099 1755 4168 setqttitibiiure·

127 4200 222 4248 noster
235 4207 243 4246 z
257 4190 384 4245 Dominus
398 4203 444 4244 rex
460 4198 569 4246 noster:
588 4187 647 4256 ipse
657 4185 771 4242 saltabit
787 4199 847 4242 nos.
969 4190 1047 4246 ritate
1061 4190 1221 4245 servierant.

495 4278 550 4332 tlt.
1004 4281 1096 4350 licque
1110 4278 1240 4336 adtendas
1255 4277 1337 4348 impie
1348 4277 1480 4349 agentium
1494 4277 1594 4353 [Forte.
1609 4280 1757 4355 agentium]

319 4388 452 4430 eanrreua
472 4388 550 4428 tuone
570 4380 721 4426 rnoouere.
968 4370 1056 4426 studia
1070 4389 1076 4424 :
1092 4379 1133 4428 set
1147 4368 1194 4442 qul
1208 4379 1254 4425 tua
1267 4378 1428 4429 testamenta
1442 4385 1502 4429 enm
1518 4372 1656 4429 doloribus
1665 4384 1757 4431 essto-

446 4465 603 4535 Copittrioi.
930 4463 1084 4549 ndierunt.

162 4558 313 4635 tgiblii.
327 4559 355 4617 in
369 4571 425 4616 ton.
1007 4557 1098 4627 dieque
1111 4558 1212 4629 cogites
1226 4555 1341 4627 perdere
1361 4557 1407 4626 oni
1428 4557 1455 4612 in
1466 4565 1613 4628 eonrpeeta
1632 4567 1679 4616 tuo
1691 4560 1757 4618 inies

165 4655 232 4710 Aria.
250 4654 353 4721 Quosne
370 4653 425 4708 noti
445 4653 553 4707 reddam
573 4651 619 4705 tibi
641 4651 762 4704 smmtori
784 4664 840 4704 ineo
862 4647 919 4704 lie·
970 4651 1122 4706 eonversati
1136 4659 1199 4706 eunt
1224 4668 1232 4703 ε
1260 4658 1301 4705 ιιι
1316 4663 1466 4706 memorare
1488 4649 1534 4720 qui
1561 4664 1596 4707 ex
1619 4650 1756 4710 roloatne

126 4747 211 4802 raino.
971 4752 1044 4797 tuum
1059 4741 1181 4798 timorem
1196 4742 1389 4813 cognoberunt.

166 4832 361 4891 Attalicum
383 4834 421 4889 tui
445 4833 650 4902 Domineroper
673 4833 919 4887 metronrieruntet
1004 4832 1096 4904 Neque
1133 4833 1253 4889 volueris
1293 4831 1407 4903 perdere
1440 4831 1485 4902 qut
1510 4831 1639 4902 pecodum
1668 4846 1756 4889 mores

127 4927 243 4999 aediti
257 4945 268 4984 .·
281 4925 402 4996 cepeto·
422 4943 479 4982 ram
499 4927 531 4981 oi
550 4927 631 4981 oeulis
656 4927 706 4981 tuit
730 4936 806 4994 pstea
830 4925 918 4982 riticio
971 4923 1090 4997 [taxant]
1104 4924 1275 4981 babuerunt:
1299 4933 1342 4981 set
1361 4925 1489 4993 respieias
1503 4927 1702 4996 supereosqui
1714 4925 1755 4982 lo·

127 5018 255 5089 temptant
268 5031 385 5074 sonetum
397 5028 477 5072 tuum.
969 5031 1030 5086 pem
1041 5024 1114 5071 tuam
1123 5016 1263 5085 splendide
1278 5016 1436 5072 docuerunt.

164 5110 285 5168 clamabi
307 5111 342 5168 de
361 5109 532 5167 tribulatione
552 5123 611 5166 ntea
634 5108 668 5163 ad
691 5108 833 5165 bominum
859 5127 865 5162 :
893 5117 920 5163 et
1005 5105 1097 5175 Neque
1114 5106 1260 5177 indigneris
1279 5103 1320 5161 eis
1335 5106 1379 5174 qui
1392 5104 1485 5162 vestiis
1506 5104 1583 5175 peius
1604 5116 1668 5160 eunt
1687 5105 1755 5161 incli-

128 5203 266 5262 eraodibit
282 5219 335 5259 me.
971 5199 1023 5255 cati
1037 5215 1043 5252 :
1059 5205 1102 5253 ιιι
1120 5198 1216 5268 diligas
1238 5213 1285 5255 eos
1307 5197 1353 5268 oui
1373 5212 1479 5268 semper
1498 5197 1525 5253 in
1546 5197 1659 5269 pieriam
1683 5209 1754 5255 tuam

167 5302 321 5356 iterumn
344 5294 441 5354 itrierni
464 5296 578 5352 eiamnbi
592 5312 600 5348 z
616 5305 643 5350 et
664 5295 801 5351 exaudibit
824 5308 917 5351 rocem
971 5295 1148 5354 conlideruut.

127 5407 230 5452 meam.
1006 5387 1137 5454 Quntriarn
1164 5399 1214 5440 noa
1236 5393 1264 5439 et
1288 5392 1379 5453 patrea
1397 5383 1482 5439 nostri
1506 5381 1605 5438 talibus
1636 5381 1755 5440 noritur

167 5490 203 5547 Ει
217 5483 354 5560 proieeiaii
369 5483 454 5539 mein
468 5480 628 5553 protundum
643 5481 669 5535 in
685 5478 766 5536 eorde
777 5481 859 5535 maris
875 5487 921 5534 :et
971 5481 1094 5549 epimus:
1112 5487 1140 5531 tu
1153 5485 1242 5531 atttent
1257 5483 1363 5547 propter
1376 5488 1425 5530 nos
1436 5485 1591 5551 peccatores
1603 5473 1755 5532 misericors

130 5587 233 5643 {iumen
243 5579 421 5641 circumdedit
435 5593 490 5638 ute.
971 5579 1080 5628 roeatus
1093 5584 1132 5624 es.

117 5648 136 5679 ⁵
165 5678 401 5748 emmenum
419 5674 458 5731 tal
476 5682 506 5730 et
530 5672 629 5728 utrctm
651 5665 689 5722 tui
711 5675 793 5735 super
818 5678 862 5721 nte
877 5664 921 5720 in·
1007 5661 1120 5719 sienim
1144 5658 1296 5716 decreberis
1324 5667 1352 5714 ut
1378 5657 1464 5715 nostri
1490 5654 1668 5715 miserearis:
1695 5664 1766 5713 tane.

137 5771 223 5845 peni
237 5781 319 5826 sunt:
334 5778 360 5827 et
373 5782 423 5840 ego
443 5767 497 5822 dixi
511 5767 630 5822 abiectus
650 5773 709 5819 suut
738 5773 752 5816 a
775 5766 920 5831 conspeetu
971 5753 1125 5818 misericors
1138 5748 1288 5815 recolere.
