3758 6224
73 333 130 390 845
816 322 973 379 lleTllIA.
1658 317 1711 372 stu

111 445 258 504 Pasoebam
270 441 336 496 obes
351 437 435 509 patris
450 438 502 493 mei
516 437 531 472 t
545 450 639 493 manus
653 452 720 495 mete
746 437 868 495 lecerunt
881 445 908 504 Α
958 434 1069 490 Fratres
1082 441 1170 489 autom
1185 430 1238 487 mei
1261 430 1334 497 boui,
1346 438 1374 485 at
1392 429 1478 501 magni
1491 430 1507 463 ⁸
1519 440 1544 484 et
1557 446 1610 486 nou
1626 431 1674 487 latit
1686 434 1712 488 iu

75 554 218 610 organum,
230 545 258 590 et
269 533 345 602 digiti
356 532 409 586 moi
424 530 582 586 abtaberunt
593 527 759 600 psalterium.
920 529 959 583 eis
973 527 1171 597 beneplacitum
1186 524 1311 580 Domino.

112 634 145 688 Et
157 631 216 702 auis
237 624 402 683 adnuntiabit
425 624 539 679 Domino
558 637 619 679 meo
632 624 648 657 a
661 622 719 694 ipse
739 622 868 679 Dominus
958 617 1036 672 Exibi
1061 617 1167 672 obuiam
1190 614 1347 686 alienigene
1366 615 1383 649 ⁴¹
1395 623 1424 671 et
1447 614 1602 671 denutrabit
1628 630 1672 669 mo
1686 615 1713 669 iu

76 723 213 781 exaudibit
227 736 281 777 mo.
921 708 1072 764 simulacris
1088 710 1155 763 suis.

113 816 172 885 lpse
183 813 323 868 exaauditor
333 809 544 878 omniumttpso
554 807 630 862 misit
642 806 766 877 angelum
777 823 866 872 suum„
960 801 1015 870 Ego
1039 808 1129 856 autom
1147 799 1287 868 evaginato
1309 798 1342 855 ab
1369 811 1402 853 eo
1422 796 1524 853 liabens
1550 797 1634 869 ipsius
1656 797 1715 867 pla·

77 915 106 960 ot
121 905 180 959 tulit
194 919 238 958 mo
251 902 285 959 de
300 901 395 956 obibus
407 898 490 970 patris
511 898 574 964 mei,
587 906 614 954 et
632 898 709 953 unxit
721 912 765 953 me
780 895 808 953 in
819 897 868 952 mi-
922 898 966 952 dia
981 897 1117 965 amputabi
1137 903 1217 964 eaput
1238 894 1296 949 eius
1311 895 1326 927 a
1341 902 1368 948 ct
1386 892 1483 948 abstuli
1511 892 1715 964 opprobriuma

76 996 223 1052 sericordia
239 993 370 1050 unctionis
384 1007 449 1048 auae.
923 988 985 1042 saliis
1002 988 1093 1042 lsrael.

471 1278 924 1410 lNClPlUNT
967 1279 1351 1414 CANTlCl.

296 1509 425 1553 caurtcurt
449 1503 657 1546 nsurcnououu.
962 1484 1087 1538 Gentium
1098 1486 1212 1556 populos
1226 1487 1272 1556 aui
1292 1486 1404 1542 sedebat
1418 1486 1444 1543 in
1460 1490 1580 1549 tenebris
1597 1493 1667 1550 uidit
1678 1496 1719 1552 lu.

386 1580 561 1653 Capitutoii.
829 1574 847 1589 “
925 1590 985 1632 cam
997 1591 1120 1648 magnam
1137 1594 1143 1631 ι
1161 1578 1717 1655 babitantibusinregionoumbremortis‚

116 1691 185 1747 bria.
198 1687 325 1756 Apparuit
338 1682 462 1737 lloutiaua
477 1680 508 1733 tle
521 1685 605 1731 monte
619 1671 643 1727 F
645 1689 720 1736 aran,
734 1681 757 1726 tt
771 1687 829 1724 cum
844 1686 873 1724 eo
926 1666 971 1722 lux
984 1669 1059 1722 lrorta
1075 1680 1116 1725 est
1129 1671 1179 1726 cis.

78 1795 224 1841 ,mmmm
236 1778 319 1832 maara,
963 1759 1141 1830 llultiplioasti
1153 1771 1272 1831 gentem,
1287 1776 1340 1818 aon
1365 1765 1540 1834 magnilloasti
1556 1769 1667 1826 letitiam
1679 1773 1719 1829 le·

117 1874 246 1929 battutinus
265 1870 298 1924 de
327 1867 394 1922 Sina
416 1861 505 1918 ueniet
521 1866 568 1913 :et
590 1856 624 1912 de
647 1855 708 1912 Seia
731 1862 807 1908 ortus
833 1858 874 1906 est
888 1894 912 1953 B
927 1850 1054 1905 tabuntur
1075 1867 1166 1906 coram
1191 1863 1218 1908 te
1241 1853 1311 1908 sicut
1333 1855 1450 1912 letantur
1473 1860 1499 1911 iu
1528 1863 1719 1919 mossezsicut

79 1969 168 2025 nobas,
927 1947 1049 2001 extritam
1065 1949 1191 2015 uictores,
1207 1949 1316 2019 artando
1329 1948 1451 2008 dividunt
1461 1954 1557 2026 spolia.

117 2058 246 2129 Apparuit
268 2053 395 2110 [lominus
419 2049 453 2104 do
478 2056 569 2100 monte
591 2042 695 2097 Faran:
713 2049 740 2095 et
761 2054 821 2094 cum
841 2054 874 2094 co
962 2042 1054 2114 iugum
1069 2045 1142 2100 enim
1156 2046 1346 2116 honerisoius,
1362 2056 1390 2104 et
1410 2045 1510 2118 rirpam
1526 2050 1644 2110 lmmeris
1657 2055 1716 2110 eius

80 2161 237 2208 morum
250 2146 335 2201 mitia.
925 2138 1098 2198 obsaeptmm
1115 2132 1249 2187 exactoris
1268 2133 1327 2188 eius
1348 2137 1505 2205 :superasti
1528 2139 1597 2192 sicut
1621 2139 1648 2194 in
1674 2141 1719 2197 die

117 2242 145 2297 lu
159 2241 268 2294 deutera
280 2236 337 2290 eitts
355 2234 431 2303 ignea
446 2231 488 2284 lex
506 2247 511 2281 :
530 2226 622 2283 ditexit
635 2225 757 2294 populns.
925 2220 1040 2277 llatlion.

116 2336 217 2390 Omnes
230 2329 316 2386 saneti
331 2330 357 2381 iu
384 2339 464 2379 manu
488 2313 875 2385 illiussuut:atquiadpro·
962 2315 1028 2381 Quia
1061 2316 1150 2370 ornaris
1180 2316 1294 2372 uiolenta
1325 2320 1446 2389 predatio
1474 2337 1535 2377 euna
1557 2324 1674 2379 tunmltu
1693 2335 1722 2381 et

83 2427 213 2496 pinquant
227 2420 339 2491 pedibus
352 2417 409 2472 cius
424 2413 558 2484 accipient
570 2411 604 2465 de
615 2409 737 2463 doctriua
753 2404 834 2460 illins.
926 2410 1117 2463 vestimentum
1133 2409 1390 2480 ruiatumsauguino
1403 2429 1409 2466 :
1424 2412 1477 2468 erit
1491 2412 1519 2468 in
1532 2415 1720 2471 combustione

119 2516 211 2571 Manus
230 2512 288 2567 eius
302 2508 456 2580 pugnabunt
476 2519 525 2576 pro
535 2519 569 2560 co
591 2522 597 2556 ι
623 2511 651 2557 et
671 2499 778 2554 adiutor
804 2497 877 2553 iltius
927 2510 953 2555 et
967 2501 1132 2571 cibusignis.

85 2618 179 2663 cantra
192 2602 433 2660 aduersarioseius
447 2600 508 2655 erit.
963 2592 1094 2647 Paruulus
1115 2592 1189 2649 enim
1211 2600 1290 2648 natos
1318 2603 1361 2650 est
1385 2595 1463 2652 uobis
1483 2597 1553 2654 lilius
1574 2598 1652 2655 datus
1679 2611 1722 2657 est

120 2700 231 2756 Catttlus
254 2696 340 2751 leonis
364 2694 430 2749 ssuet
449 2690 558 2762 largitur
582 2690 616 2745 de
645 2689 732 2745 llaaau
750 2704 756 2740 :
773 2682 879 2739 babuu·
928 2685 1006 2740 nobis
1023 2704 1029 2738 :
1047 2694 1074 2741 ct
1088 2686 1173 2740 iactus
1187 2696 1228 2741 est
1249 2686 1417 2758 principatus
1439 2691 1497 2747 cius
1517 2707 1600 2763 super
1624 2696 1718 2751 bumo-

86 2792 177 2847 dantia
203 2787 356 2858 pcriruemr
370 2803 376 2837 :
391 2794 417 2840 et
438 2784 533 2852 plenus
553 2781 604 2836 erit
625 2776 811 2836 bencdictione
826 2775 878 2830 bo·
928 2776 1053 2831 roseius.

83 2882 151 2937 ruini
165 2895 254 2943 matta,
269 2887 297 2933 et
311 2874 423 2934 moridie
435 2871 593 2944 possidebit.
964 2868 999 2923 lit
1020 2867 1158 2924 uocabitur
1182 2884 1279 2927 nomen
1302 2872 1381 2928 eius:
1400 2874 1573 2934 admirabilis
1592 2869 1722 2936 consilia·

120 2973 202 3040 Quasi
224 2969 400 3041 primogenita
425 2966 494 3021 tauri
519 2962 671 3032 pulcritudo
699 2962 758 3017 eius
778 2973 879 3014 cornua
930 2959 996 3014 rius.

82 3065 246 3121 rinocerotis
260 3075 361 3116 cornua
377 3058 449 3115 illius
467 3075 473 3111 ι
491 3056 518 3111 in
539 3056 605 3125 ipsis
629 3051 769 3109 ventilabit
784 3057 879 3122 petates
967 3053 1038 3108 Deus
1058 3053 1135 3109 tortis
1148 3062 1226 3124 pater
1239 3053 1323 3111 loturi
1341 3056 1444 3113 seculi:
1461 3059 1585 3130 princeps
1601 3062 1686 3131 pacis.

82 3151 214 3224 usquead
233 3151 363 3207 terminos
378 3156 460 3205 terro.
966 3141 1049 3215 lutat]
1061 3144 1341 3214 biottipticabiturcius
1355 3148 1497 3219 imperium
1515 3168 1521 3204 :
1537 3163 1563 3208 et
1579 3154 1652 3224 pacis
1664 3156 1723 3212 atus

465 3239 496 3295 ll.
892 3251 917 3313 c
933 3249 986 3290 ιιοιι
1001 3237 1052 3291 erit
1065 3236 1135 3293 struis.

280 3348 415 3392 cuattcurt
438 3347 513 3388 esaar
533 3344 680 3386 raoruars.
966 3328 1054 3399 Supor
1075 3333 1172 3385 salium
1215 3333 1298 3388 batitl
1328 3336 1434 3392 sedebit
1455 3350 1481 3393 et
1503 3352 1587 3409 super
1610 3356 1723 3414 regnum

355 3427 475 3498 Capitate
502 3425 518 3482 8
537 3434 561 3481 et
580 3424 608 3482 b.
931 3424 989 3479 eius
1006 3443 1011 3478 :
1026 3434 1055 3480 ut
1069 3426 1210 3483 otrnbrmet
1228 3428 1291 3483 iliud
1306 3444 1331 3486 ct
1357 3434 1511 3489 rnrrolmret
1536 3438 1562 3491 in
1576 3436 1676 3494 iudicio
1698 3451 1726 3494 ot

122 3522 192 3579 Atia.
213 3519 283 3575 Deus
309 3521 384 3591 sortis
410 3534 486 3588 super
506 3525 609 3572 tronum
631 3515 715 3572 Dauid
729 3516 825 3571 radebit
852 3523 880 3569 ut
931 3518 1032 3573 iustitia
1044 3519 1141 3573 atttaulo
1154 3530 1183 3575 et
1197 3535 1281 3590 usupare
1296 3524 1322 3576 iu
1336 3523 1540 3590 sempiternum.

81 3617 220 3685 coufirmat
230 3614 295 3668 tund
306 3628 385 3681 mque
398 3613 425 3665 iu
438 3613 633 3680 sempiternum.
967 3612 1045 3666 Zetus
1059 3612 1163 3666 bantini
1179 3616 1347 3670 exercituum
1363 3634 1368 3670 :
1383 3617 1463 3673 iaciat
1475 3619 1535 3675 ltoo.

122 3707 187 3776 biga
209 3704 392 3760 testimonium
415 3711 443 3757 et
469 3704 545 3773 signa
567 3701 653 3772 legem
680 3701 707 3755 io
741 3700 881 3768 discipulis
1308 3707 1350 3762 m,

86 3800 184 3857 meis:
207 3797 357 3867 expectabo
382 3795 537 3858 bominum,
552 3794 597 3864 uui
621 3793 762 3850 abscondit
784 3791 880 3849 taciem
1135 3810 1269 3852 crartamt
1282 3814 1359 3854 asaro
1371 3815 1519 3858 onorusra.

86 3908 167 3949 suam
181 3906 195 3944 a
211 3892 291 3946 domo
305 3888 388 3945 iacob
398 3898 426 3944 et
438 3888 606 3958 prestolabor
616 3902 688 3943 cunr.
1195 3888 1314 3957 Capituto
1334 3890 1367 3944 ib
1381 3901 1404 3943 rt
1423 3892 1465 3946 tt.

126 3984 197 4039 iiroe
211 3997 261 4053 opo
285 3991 313 4038 ot
336 3981 412 4050 pueri
437 3994 505 4050 quos
522 3979 598 4034 dedit
617 3979 679 4034 mici
701 3978 829 4033 bomitms
854 3978 881 4031 iu
971 3977 1037 4030 dria.
1063 3978 1149 4032 itania
1172 3978 1252 4034 Getae
1270 3983 1314 4051 qai
1327 3992 1378 4036 atat
1403 3984 1430 4036 ia
1449 3985 1550 4054 riparum
1572 3988 1726 4056 populorum

87 4077 196 4145 rignum
211 4084 239 4130 ct
252 4074 278 4128 in
291 4080 447 4141 portentum
467 4070 586 4126 Sralrolis
600 4088 606 4125 ε
620 4085 636 4124 a
652 4069 766 4125 Domino
780 4068 883 4123 exarsi·
933 4071 1017 4139 iprum
1027 4079 1114 4143 pentat
1124 4072 1339 4138 deprecabuntur.

90 4178 179 4231 taum,
194 4167 239 4236 qui
253 4165 353 4221 babitat
366 4165 393 4219 in
405 4163 589 4233 monteSpon.
972 4165 1040 4219 Ecce
1062 4166 1219 4219 bundamor
1236 4169 1363 4223 bomitms
1386 4172 1553 4226 exarcituum
1578 4174 1728 4246 coniriapet

128 4259 165 4315 Et
176 4272 258 4328 quum
271 4257 387 4312 dixerint
400 4255 434 4310 ad
459 4270 507 4310 ros
520 4254 624 4325 querite
635 4268 649 4306 a
661 4251 815 4323 pitonibus:
831 4259 883 4306 eta
935 4255 1086 4309 launculam
1103 4256 1127 4308 in
1144 4263 1246 4312 terrore
1262 4277 1267 4310 ε
1285 4270 1310 4312 at
1331 4260 1431 4314 excelsi
1443 4272 1545 4317 stntttra
1559 4266 1730 4323 artacirleutur

88 4349 202 4418 (liniatis,
215 4349 260 4419 qui
276 4349 406 4403 stridant
402 4364 427 4402 tn
445 4345 669 4402 incantationibus
685 4344 752 4400 suis.
934 4355 962 4403 et
976 4348 1104 4402 sttltlimes
1119 4347 1339 4408 humiliabuntur.

128 4439 335 4510 Numquidnam
357 4438 473 4510 populus
501 4451 517 4491 a
543 4436 598 4491 ileo
623 4450 672 4490 suo
697 4433 809 4505 requirit
836 4449 885 4504 pro
973 4437 1212 4495 iitsttbterteotur
1233 4443 1368 4500 condensa
1390 4447 1476 4503 saltus
1495 4448 1589 4505 torro:
1605 4452 1729 4508 etlea·

89 4531 162 4587 uiris
180 4546 212 4587 ac
226 4530 361 4586 mortuas
377 4539 405 4584 et
423 4529 456 4584 ad
472 4528 558 4600 legem
580 4527 676 4598 tnagis,
701 4536 729 4582 ot
752 4526 785 4581 ad
808 4527 885 4580 testi·
938 4544 988 4584 aus
1002 4544 1063 4582 outa
1078 4533 1192 4587 oscelsus
1203 4537 1291 4589 catict

90 4623 225 4680 monium.
901 4595 925 4655 ⁰
975 4623 1515 4697 Etogredirturairgaderadicelosso:
1532 4636 1730 4695 otdmdara

129 4715 207 4784 Quod
221 4715 242 4769 si
258 4729 310 4768 nou
323 4713 440 4770 dixerint
457 4714 534 4769 iuxta
553 4712 664 4770 verbum
679 4712 730 4769 boc
746 4730 752 4766 :
766 4727 819 4768 nnn
835 4713 887 4768 erit
938 4715 998 4771 dico
1009 4720 1066 4771 eius
1077 4720 1212 4776 ascendet.
1662 4770 1665 4776 .

90 4810 136 4867 eis
149 4809 279 4863 matutina
295 4808 350 4867 lun.
975 4806 1008 4862 Et
1020 4811 1260 4883 requiescetaupor
1272 4830 1333 4870 eum
1358 4818 1468 4887 spiritus
1489 4821 1606 4886 baudai,
1622 4824 1732 4892 spiritus

132 4898 166 4955 Εῑ
181 4898 305 4954 llisssslbll
328 4914 375 4966 1³0¹
395 4914 466 4964 eim,
488 4908 516 4953 θῑ
537 4909 645 4954 williel
666 4907 695 4954 el
720 4897 823 4953 esuriet
838 4914 844 4950 τ
861 4907 889 4952 et
939 4905 1071 4973 sapientie
1085 4915 1114 4961 ct
1135 4906 1297 4971 intellectus.
1313 4912 1422 4979 spiritus
1444 4914 1587 4969 transiliiet
1601 4915 1734 4972 turritam-

91 5006 159 5049 emu
181 4991 307 5047 esurierit
328 4992 458 5047 irascetur
489 5000 517 5047 ot
540 4992 685 5047 maledicet
713 4992 768 5061 regi
789 5005 838 5044 sua
861 4998 890 5044 et
942 4996 992 5060 nis,
1007 4997 1116 5065 spiritus
1134 4999 1287 5056 scientiect
1303 5002 1474 5071 patentium
1486 5005 1597 5074 replebit
1608 5022 1668 5061 cum
1680 5013 1735 5078 spi·

94 5085 154 5141 beo
168 5098 227 5139 suo.
942 5087 994 5144 ritu
1009 5089 1111 5145 timoris
1126 5089 1239 5145 bomini.

69 5223 74 5245 ,
134 5174 597 5247 Btsoscipiet[suspioietlsursum
614 5194 620 5231 :
637 5186 664 5232 et
686 5176 720 5231 ad
736 5175 890 5232 terramin·
978 5180 1036 5236 Non
1053 5182 1200 5235 secuudum
1225 5183 1354 5239 visionem
1369 5186 1651 5245 oculorumludicabit
1667 5207 1674 5243 ι
1690 5204 1737 5247 oo·

66 5278 71 5289 ⁴
95 5268 226 5324 tuebitur.
944 5287 997 5342 auo
1012 5272 1156 5326 seeundum
1171 5274 1291 5329 auditum
1305 5280 1409 5331 ararium
1424 5287 1517 5348 arguet
1534 5298 1539 5332 :
1556 5292 1595 5336 tet
1608 5282 1738 5339 iudicabit

134 5359 169 5415 Ει
187 5372 252 5416 ecco
272 5358 418 5428 tribulatio,
435 5370 462 5415 et
482 5362 602 5427 tenebre,
622 5361 763 5417 dissolutio
786 5372 825 5432 et,
840 5376 890 5416 an·
946 5365 1085 5419 iniustitia
1103 5378 1382 5440 pauperosetarguot
1402 5373 1428 5425 in
1447 5373 1566 5443 equitate
1588 5391 1637 5444 pro
1657 5392 1735 5433 man·

95 5451 186 5522 gustis
198 5459 225 5507 et
238 5450 323 5520 caligo
338 5465 502 5520 personuerat
519 5461 568 5508 :ot
589 5468 642 5510 noa
663 5456 761 5523 poterit
782 5454 892 5509 arolaro
945 5458 1029 5514 suetis
1045 5467 1124 5514 terre.

95 5544 133 5599 cle
146 5543 268 5615 angustia
279 5556 338 5599 sua.
985 5548 1017 5603 Et
1032 5551 1160 5618 peroratict
1174 5559 1272 5606 terram
1285 5552 1357 5623 uirga
1378 5555 1451 5610 ltoris
1465 5557 1506 5612 sui
1523 5568 1569 5614 :ct
1593 5560 1688 5630 spirita
1700 5564 1738 5615 ta·

135 5634 227 5693 Primo
241 5645 363 5706 temporo
374 5636 489 5693 allebata
499 5648 541 5694 eat
555 5648 625 5695 terra
636 5638 767 5704 zabulon,
778 5648 804 5695 et
820 5646 892 5697 terra
948 5640 1051 5696 biorum
1065 5657 1174 5698 suorum
1189 5644 1330 5700 iotardoiet
1345 5649 1465 5718 impium.

99 5725 235 5797 Neptallm
248 5745 255 5782 a
269 5735 297 5784 ot
311 5727 338 5783 in
360 5728 509 5785 notissimo
530 5729 674 5801 adgrauata
695 5740 736 5788 est
755 5731 798 5785 ria
812 5733 895 5788 tataris
986 5733 1019 5787 lit
1032 5734 1083 5789 erit
1097 5735 1178 5790 iustiti
1201 5738 1336 5807 cingulum
1361 5741 1512 5802 lumborum
1537 5745 1595 5800 eius
1608 5764 1614 5799 :
1629 5754 1656 5799 ιι
1672 5746 1739 5803 tides

102 5823 177 5872 trans
191 5815 335 5874 lordancm
350 5816 461 5877 Galilee.
949 5826 1106 5881 cinctorium
1120 5840 1214 5881 renum
1231 5829 1301 5886 eius.
