3758 6224
114 338 164 397 931

334 443 409 500 insani
423 445 454 498 de
467 443 577 498 merirum
590 443 682 498 suetis.

220 537 296 608 Quod
307 535 459 593 convolutis
472 533 584 591 artubus

185 629 286 686 Somno
297 626 416 698 gravatis
431 632 540 693 torpunt

188 722 333 777 urionem
347 721 373 774 in
388 719 494 774 somnio
579 732 582 737 ·

189 814 324 884 Turpique
334 812 405 867 ssusu
418 812 444 867 in
458 811 563 866 semine
578 829 585 864 ε

223 908 300 964 Fusio
312 908 389 963 Pater
401 906 519 976 piissime

190 999 394 1069 Expostuiamus
405 995 524 1059 fletibus,

187 1090 222 1145 Ut
236 1090 288 1144 ianr
303 1087 430 1144 recedant
442 1084 550 1141 sordida

186 1181 338 1238 Libidinum
349 1179 518 1233 fantasmata.

223 1273 293 1328 Laina
303 1270 374 1341 quod
390 1270 474 1327 nostis
487 1266 601 1339 polluit,

187 1364 264 1434 erod
279 1360 429 1419 sordidabit
438 1360 554 1426 innora;

186 1458 343 1516 mundemur
359 1469 454 1513 omnes
469 1450 587 1509 sordidis

186 1552 279 1609 carnis
292 1550 401 1622 grabate
414 1546 534 1618 spiritns.

218 1642 346 1700 Pressa...

466 1726 552 1783 diiss.

221 1823 366 1894 Surgentes
375 1817 409 1874 ad
424 1824 450 1872 te
459 1816 572 1873 Domine

187 1919 251 1973 Atre
263 1914 349 1971 noctis
363 1909 481 1977 silentio,

187 2007 291 2079 Vigiliis
301 2003 438 2076 obsequiis

187 2102 296 2158 Patrem
310 2111 453 2169 sequentes
465 2095 598 2159 ordinem,

220 2192 305 2261 Quem
321 2189 398 2245 nobis
410 2187 613 2258 dereliquerunt

188 2283 247 2338 iure
262 2279 436 2344 hereditario,

185 2373 366 2428 itiuistrantes
381 2368 504 2426 excubiis

187 2463 248 2520 'fiiri
261 2470 355 2518 sancte
364 2460 497 2516 Paraciite

221 2553 282 2610 Pari
297 2551 541 2609 ouanatreciarus
556 2564 587 2606 cs

186 2645 272 2712 Quum
294 2642 402 2698 Christo
414 2640 605 2698 subtilissimus

186 2736 371 2793 tinitismodus
385 2735 500 2805 Spiritus

220 2916 291 2974 Grex
306 2925 367 2971 tuos
381 2914 428 2972 tibi
442 2914 548 2972 deditus

184 3011 262 3068 Nuiio
276 3021 381 3069 tenatur
391 3010 514 3080 crimine,

186 3105 271 3174 Quem
285 3113 331 3161 tuo
349 3103 456 3159 Christe
473 3102 605 3174 sanguino

189 3196 299 3253 Voluisti
316 3195 459 3251 redimere.
580 3223 587 3235 ·

224 3287 296 3343 oues
311 3295 433 3342 errantes
443 3284 553 3355 previde

186 3376 284 3432 Pastor
298 3374 370 3430 oona
383 3372 512 3443 piissime,

189 3467 230 3523 ud
242 3466 329 3522 auiam
343 3463 509 3520 celsitudinis

185 3558 250 3615 'iuis
265 3564 373 3626 reporta
388 3554 518 3610 inumeris.

221 3648 380 3705 Tabeiactus
394 3655 435 3703 est
447 3648 572 3713 saucius,

187 3740 321 3798 Abscedat
336 3739 459 3808 princeps
473 3737 628 3804 demonum,

188 3831 284 3889 Perdat
295 3830 405 3901 prodam
415 3829 449 3886 de
462 3829 583 3886 faucibus
651 3844 656 3854 ·

188 3921 313 3979 insatiata
332 3918 431 3976 rabies.

225 4007 332 4063 Eruitet
346 4006 468 4063 Cirristns
480 4006 621 4075 Dominus,

189 4099 286 4154 Psaiiat
300 4112 379 4154 corus
389 4097 537 4170 angelicus,

187 4190 290 4248 Laudes
305 4198 402 4248 sonent
415 4191 441 4244 in
454 4203 557 4264 orgsrm

188 4283 240 4338 Ter
258 4281 372 4339 Sanctus
386 4280 457 4338 dicat
471 4281 595 4338 Domino.

467 4371 551 4429 Alius.

222 4464 300 4520 liresu
312 4462 437 4520 defensor
454 4463 573 4519 omnium

187 4557 324 4612 Protector
335 4564 363 4610 et
374 4554 514 4623 mirabilis,

190 4651 270 4706 Sneta
284 4649 372 4703 noetis
385 4647 494 4704 adrenit

194 4740 229 4795 Et
241 4751 291 4794 nos
305 4752 403 4809 sopore
417 4734 499 4793 dediti

225 4828 309 4887 intuo
323 4825 429 4883 Christe
440 4830 548 4884 nomine

190 4919 240 4988 Qui
250 4928 343 4976 custus
353 4927 380 4975 et
392 4918 518 4975 defensor
530 4933 571 4986 es,

191 5011 224 5065 Et
238 5009 378 5082 vigilemus
390 5007 497 5079 spiritu,

82 5109 88 5115 “
192 5103 228 5162 Ut
241 5117 393 5159 mercamur
406 5101 553 5172 lampadas.

227 5194 356 5250 Cantores
371 5201 431 5249 tuos
443 5192 565 5259 Domine,

191 5287 263 5355 Quos
276 5286 352 5342 iubes
363 5293 442 5341 nocte
451 5299 561 5356 surpere

192 5377 233 5434 ad
253 5375 428 5433 invocandum
441 5384 514 5430 tuum
528 5390 642 5444 nomeu.

193 5468 268 5537 Quod
280 5468 359 5525 nobis
372 5478 413 5524 est
427 5468 575 5536 iaudabiie;

226 5561 312 5629 Quem
323 5560 410 5615 omisis
425 5568 497 5616 terra
512 5561 607 5617 metuit

193 5653 245 5710 Pro
259 5663 329 5709 unta
343 5653 525 5725 magnitudine

193 5743 341 5814 Sequemur
356 5743 384 5800 in
397 5743 477 5802 laude
489 5752 545 5819 tua,

722 328 933 389 uttsvttttttitt
952 330 1138 392 conflictui.

919 446 946 504 Α
1028 443 1106 513 erod
1122 445 1165 514 pie
1177 443 1276 504 Sancto
1290 448 1436 518 poscimus.

1068 534 1215 592 imnurnm
1225 551 1341 595 concors
1352 549 1483 612 personet

1031 627 1068 683 De
1083 628 1165 686 corde
1179 640 1205 686 te
1218 632 1371 690 canentium

1029 719 1179 790 &truamur
1189 721 1255 778 tanti
1268 723 1359 794 gaudii

1029 810 1164 868 Promissa
1181 812 1272 870 Sancti
1287 814 1412 886 Spiritus.

1065 903 1172 960 Clamor
1183 904 1210 960 in
1223 915 1301 962 noete
1314 902 1401 964 iaetrrs
1410 917 1465 977 est.

1031 994 1124 1050 iiresus
1133 994 1271 1067 ingressus
1285 995 1372 1054 ianuis

1030 1086 1061 1141 Et
1074 1085 1213 1157 vigilantes
1226 1096 1355 1159 provocat

1029 1177 1131 1233 intrare
1143 1187 1235 1234 sancta
1255 1180 1339 1250 regia.

1064 1264 1168 1323 Gaudet
1186 1283 1301 1340 sponsus
1314 1271 1448 1343 uirginum

1029 1358 1168 1431 Ingressus
1183 1360 1209 1415 in
1221 1361 1357 1431 cubiculo,

1029 1448 1078 1506 Uni
1091 1464 1204 1507 coronas
1215 1454 1355 1510 martirum

1027 1541 1244 1614 iieiuipentante
1253 1544 1406 1602 nominum.

1063 1631 1147 1706 [cris]
1168 1635 1317 1694 Mercedem
1335 1646 1409 1694 tante
1423 1638 1511 1710 piorie

1030 1723 1145 1779 baturus
1159 1737 1189 1780 es
1203 1725 1386 1796 erodentibus,

1031 1814 1107 1883 Quod
1120 1816 1199 1874 nouis
1209 1817 1266 1874 sitit
1279 1819 1385 1875 animus

1029 1909 1075 1966 Sic
1089 1924 1239 1967 mereamur
1250 1913 1387 1985 consequi.

1063 2001 1179 2058 Medium
1194 2002 1281 2060 noctis
1291 2014 1414 2077 tempore

1029 2088 1161 2149 Proietica
1172 2108 1225 2150 nox
1238 2096 1368 2154 admonet

1029 2181 1154 2240 Dicamus
1168 2185 1261 2244 laudes
1277 2189 1392 2246 Domino

1028 2274 1103 2330 Patri
1121 2290 1230 2348 semper
1239 2288 1267 2335 et
1279 2278 1360 2352 Filio,

1064 2365 1164 2426 Sancto
1177 2384 1283 2441 quoque
1298 2371 1408 2436 Spiritui
1421 2390 1429 2441 ;

1030 2457 1150 2516 Perfecta
1163 2461 1236 2517 eninr
1250 2461 1369 2522 Trinitas

1030 2549 1167 2621 Ueiosque
1185 2552 1336 2612 substantie

1028 2639 1172 2697 Laudanda
1183 2657 1291 2715 sempor
1303 2643 1380 2703 nobis
1392 2654 1446 2705 sat

1064 2731 1181 2789 iiedium
1195 2735 1283 2792 noetis
1293 2742 1415 2807 tempore

1030 2819 1148 2890 Perperna
1167 2830 1286 2879 vastator
1302 2827 1428 2897 angelus.

1030 2908 1128 2981 Epipto
1141 2919 1256 2968 mortem
1267 2913 1387 2972 inierant

1031 3002 1115 3059 Diiuit
1129 3004 1317 3076 primogenita.

1066 3096 1122 3153 iiec
1134 3112 1182 3153 ora
1193 3097 1271 3155 iustis
1283 3098 1357 3156 saius
1373 3109 1415 3158 est

1032 3185 1060 3240 in
1075 3200 1129 3258 qno
1142 3200 1171 3244 se
1184 3188 1269 3244 rictus
1284 3192 1395 3262 angelus

1030 3276 1119 3330 Ausus
1129 3278 1224 3347 punire
1236 3294 1290 3337 non
1304 3281 1363 3339 init.

1029 3365 1140 3437 Signum
1155 3366 1305 3428 formidans
1318 3373 1461 3445 sanguine.
1525 3390 1528 3394 “

1066 3458 1177 3530 Egiptus
1192 3458 1273 3517 debat
1289 3462 1383 3521 iortits

1029 3547 1176 3607 Tantarum
1191 3553 1250 3609 dira
1271 3552 1379 3626 funcra,

1030 3639 1109 3697 Solus
1119 3643 1253 3714 pandebat
1266 3645 1364 3705 Srairei

1029 3731 1096 3802 ugni
1108 3741 1245 3802 protectus
1256 3739 1397 3812 sanguine.

1063 3823 1118 3881 Nou
1131 3827 1297 3886 reroSrahei
1311 3845 1416 3903 sumus,

1029 3915 1157 3975 Letemur
1171 3920 1198 3976 io
1213 3929 1240 3977 te
1253 3922 1376 3994 Domine,

1030 4009 1138 4067 iiostem
1153 4022 1359 4083 prosternentes
1369 4022 1471 4077 maium

1030 4101 1129 4159 Christi
1143 4105 1247 4163 deiensi
1258 4110 1398 4182 sanguine.

1066 4194 1183 4253 iiedium
1195 4201 1281 4255 noctis
1295 4207 1417 4274 ternpore

944 4298 949 4305 ·
1029 4284 1158 4343 Pertoeo
1172 4290 1323 4361 ersnpeIica

1032 4376 1168 4435 venturus
1182 4394 1293 4451 spossus
1307 4384 1427 4443 creditor

1031 4466 1115 4538 iiegui
1131 4470 1237 4529 celestis
1250 4473 1390 4534 Conditor.

1064 4557 1214 4618 Occurrent
1227 4577 1320 4621 sancte
1329 4569 1448 4640 virgines

1030 4648 1142 4708 Obviam
1157 4663 1220 4712 tnnc
1233 4657 1376 4728 adventui,

1029 4739 1122 4799 claras
1136 4755 1272 4816 gestantes
1284 4748 1432 4822 lampades,

1030 4832 1125 4903 Magno
1139 4836 1251 4895 letantes
1265 4841 1373 4910 gaudio.

1066 4922 1152 4981 Stulte
1165 4928 1228 4984 ioris
1242 4944 1393 5001 remanent,

1031 5012 1081 5081 Qui
1095 5017 1229 5075 extinctas
1243 5020 1344 5078 habent
1357 5024 1508 5100 iampades,

1033 5105 1141 5164 frustra
1152 5111 1286 5180 pulsantes
1301 5116 1407 5175 ianuam

1032 5197 1153 5256 Clausam
1169 5204 1220 5258 iarn
1232 5209 1306 5278 regni
1318 5211 1429 5280 regiam.

1066 5291 1154 5357 Quare
1173 5294 1313 5363 vigilemus
1324 5301 1416 5359 sobria

1032 5383 1140 5440 stantes
1152 5397 1241 5444 monte
1254 5390 1403 5465 spiendidi,

1033 5474 1068 5531 iit
1079 5476 1239 5536 adveniente
1252 5481 1329 5538 ihesu

1031 5565 1108 5637 Digni
1122 5582 1296 5629 occurramus
1308 5575 1425 5640 noriam.

1066 5659 1182 5716 iiedium
1195 5665 1280 5722 noctis
1296 5676 1415 5740 tompore

1032 5749 1128 5827 Paulus
1142 5770 1248 5829 quoque
1261 5767 1287 5816 ct
1300 5759 1386 5821 Siluas
