3758 6224
55 274 111 335 οἶδ
754 257 985 322 mutuatus.
1041 274 1044 279 ·
1632 259 1688 319 ibi
1704 262 1714 290 ³

90 379 213 452 libitui,
227 369 886 448 matmuettaottnranatnctrmtmnensaa
934 371 1009 430 stent
1031 373 1178 432 ablactatus
1198 386 1280 446 super
1301 379 1415 434 murm
1428 375 1581 435 suam*ita
1606 380 1688 438 ratri·

56 483 123 531 tuat.
896 459 964 518 bues
978 462 1095 519 animam
1105 479 1205 523 meam.

95 566 165 622 uem
178 562 217 617 sie
230 557 405 617 benedicetur
413 553 503 612 omnis
514 553 623 612 bomo*
634 553 681 627 qui
695 553 772 613 timet
785 554 845 612 lio-
932 553 1030 625 Speret
1041 555 1142 613 brabsl
1155 557 1183 614 iu
1199 555 1343 639 bomine*
1356 570 1390 615 ax
1410 556 1462 615 boe
1475 573 1559 628 nunc,
1578 567 1608 616 et
1632 573 1687 616 as-

57 657 174 716 miuum.
897 645 1143 714 qusinsaeeuium.

96 742 239 802 Benedicat
254 738 301 796 tibi
322 736 451 794 motinus
469 749 504 792 ux
517 734 592 807 Syou
601 735 659 792 *et
673 733 767 792 uideas
788 750 849 805 qua
1228 741 1349 800 Cffll.

59 837 131 894 bona
146 842 208 889 sunt
222 834 249 887 in
262 830 406 888 ierusalem
421 827 546 883 omnibus
555 825 651 884 diebus
664 825 726 882 vitm
739 834 804 882 tuan.
1151 829 1291 888 &uticum
1304 832 1429 904 gudam,

97 925 234 982 Stridens
253 922 322 979 ullos
345 920 465 977 liliorum
487 920 684 992 tuorum*par
705 934 787 990 super
811 919 852 975 is·
895 955 898 961 -
1164 921 1261 993 Populi
1278 922 1419 993 Patentis.
1483 952 1488 960 ·

60 1019 130 1077 mr,
534 1076 536 1080 y
905 996 923 1010 '
935 1010 1068 1067 Memento
1093 1011 1206 1069 [lemine
1220 1011 1302 1068 itatid
1315 1012 1332 1048 *
1343 1021 1372 1069 et
1392 1025 1489 1070 omues
1502 1013 1689 1072 mausuetudi-

387 1103 528 1163 Cillilill.
683 1150 687 1158 .
822 1139 839 1149 ‚,
901 1104 1030 1160 nescius.
1270 1148 1279 1161 ,
1316 1150 1319 1154 ,
1541 1175 1544 1180 ¹

253 1184 256 1192 ’
318 1198 459 1255 Canticum
473 1195 597 1269 pradum.
640 1210 662 1222 ²
937 1193 1014 1250 Sicut
1028 1191 1275 1249 iuraritbomiuo*
1289 1193 1535 1251 rotumtobitlieo
1549 1193 1644 1274 Jacob.
1674 1233 1679 1249 .

328 1289 417 1343 lirntio
430 1296 583 1358 martyrum.
834 1321 838 1332 ·
936 1284 967 1341 Si
982 1283 1110 1340 introiero
1130 1284 1157 1339 iu
1171 1284 1371 1341 tabemaeuium
1391 1283 1488 1341 dumus
1502 1288 1597 1343 meae*
1610 1287 1634 1345 si
1648 1301 1691 1346 as·

99 1383 186 1460 [tutti]
204 1382 271 1440 itia.
296 1380 444 1436 Benedictio
464 1379 571 1434 Domini
595 1394 673 1448 super
686 1393 750 1434 uus:
773 1379 851 1435 isne·
902 1375 1018 1433 cendero
1029 1377 1055 1431 in
1068 1375 1165 1432 lectum
1179 1385 1280 1432 stratus
1293 1376 1358 1433 mei.

63 1476 173 1532 dicimus
189 1491 231 1530 aas
244 1475 271 1528 in
285 1472 388 1528 nomine
402 1470 516 1526 Domini.
939 1467 967 1525 Si
980 1468 1080 1524 dedero
1094 1483 1220 1524 somnum
1233 1468 1404 1535 oeulistaeis,
1419 1478 1465 1524 aut
1477 1469 1612 1540 palpebris
1621 1471 1692 1531 msis

103 1571 182 1639 sape
194 1568 415 1638 expugnaberunt
429 1578 483 1619 me
496 1576 513 1617 a
527 1562 664 1619 iubentute
688 1577 758 1629 rues,
782 1560 854 1617 dicat
904 1557 1150 1615 dormitationem*
1163 1568 1210 1615 aut
1220 1561 1339 1631 requiem
1352 1561 1519 1632 temporibus
1535 1561 1615 1621 meis.

64 1669 137 1711 nunc
159 1654 239 1709 israel
252 1653 270 1689 *
282 1665 355 1722 saepe
377 1647 596 1720 expugnaberunt
619 1662 662 1704 me
686 1648 854 1704 aiubentute
939 1647 1030 1705 Donec
1048 1649 1183 1705 inueniam
1207 1649 1297 1706 locum
1315 1648 1432 1708 Domino
1452 1652 1475 1700 *.
1490 1653 1691 1715 tabernaculum

65 1758 127 1799 tues
139 1759 147 1799 ε
161 1740 261 1797 etenim
272 1754 325 1794 non
341 1745 483 1808 potuerunt
493 1735 569 1790 milti.
869 1730 891 1791 B
905 1738 959 1794 ⁰00
971 1737 1073 1797 Jacobs

103 1836 190 1903 supra
204 1833 313 1888 dorsum
337 1845 426 1886 meum
451 1828 650 1886 fabricaberunt
672 1831 853 1900 peccatores*
940 1829 1008 1886 Ecce
1017 1826 1170 1886 audibimus
1179 1844 1242 1888 eum
1266 1830 1294 1888 in
1309 1830 1445 1904 Eutrataf
1457 1832 1610 1892 invenimur
1629 1851 1692 1893 eunt

64 1924 293 1999 prolongaberunt
304 1921 455 1990 iniquitates
469 1933 541 1976 suas.
903 1918 929 1976 in
942 1921 1045 1991 campis
1058 1921 1145 1977 silbe.

102 2015 230 2071 Mminue
245 2011 354 2069 iustus*
365 2008 490 2065 considet
501 2007 619 2065 ceruices
632 2020 816 2080 peecatorum.
895 2077 897 2080 y
938 2006 1108 2069 introibimus
1128 2013 1156 2068 in
1172 2012 1344 2070 tabernaculo
1366 2029 1425 2086 epus
1438 2017 1455 2053 *
1468 2016 1642 2078 adorabimus
1664 2020 1693 2080 lu

49 2154 53 2161 .
103 2105 318 2171 contundantur,
343 2110 371 2159 et
392 2107 586 2158 eottvertantur
603 2103 781 2159 retrorsum*
795 2118 853 2160 otn-
904 2104 963 2160 looo
977 2102 1021 2160 ubi
1032 2112 1166 2161 steterunt
1178 2105 1262 2176 pedes
1275 2108 1344 2165 eius.

65 2213 126 2265 nes.
140 2198 185 2269 qui
200 2196 314 2253 oderunt
325 2193 409 2266 syon.
940 2195 1046 2267 Exurge
1057 2195 1169 2252 bomine
1181 2194 1209 2252 in
1224 2196 1343 2268 requiem
1360 2207 1434 2255 tuam
1443 2200 1460 2236 *
1470 2208 1500 2258 tu
1513 2210 1542 2260 ot
1555 2217 1618 2262 ares
1629 2219 1694 2264 sau·

101 2289 179 2347 Fiant
194 2287 264 2345 siout
277 2286 379 2344 mum
392 2281 592 2341 ediiielorum*
607 2283 678 2356 quud
698 2284 853 2358 priusquam
902 2285 1073 2344 ctiilcationis
1090 2296 1153 2343 tuae.
1310 2284 1311 2288 ’

65 2379 207 2447 evellatur,
222 2379 331 2434 arescit.
939 2376 1099 2434 Sacerdotes
1111 2378 1149 2434 tui
1166 2377 1311 2437 induantur
1330 2376 1526 2441 iustitiam*et
1542 2385 1629 2443 saneti
1653 2386 1693 2444 tui

104 2474 144 2530 lte
156 2487 210 2543 quo
221 2486 274 2527 nun
288 2468 411 2540 implebit
423 2483 532 2525 manum
547 2481 634 2537 suam,
648 2467 696 2540 qui
708 2467 787 2524 metit
799 2465 854 2525 *et
903 2468 1027 2527 laetentur
1041 2468 1067 2524 in
1080 2468 1168 2526 bouis.

64 2564 155 2622 sinum
170 2578 259 2628 suum.
273 2561 319 2634 qui
335 2562 486 2633 manipulos
499 2560 611 2632 colligit.
905 2603 912 2622 ‚
938 2559 1051 2633 Propter
1063 2559 1147 2618 David
1159 2575 1268 2619 seruum
1282 2563 1383 2620 tuum*
1397 2578 1451 2623 non
1462 2567 1691 2628 anennoeton

104 2661 204 2714 Etnnu
223 2658 360 2721 dixerunt,
386 2656 431 2726 qui
458 2653 668 2726 praeteriebant:
695 2650 850 2709 benedictio
902 2653 1001 2712 Cbristi
1014 2655 1064 2710 toi.
1252 2730 1254 2735 y

64 2753 174 2810 bomini
190 2766 272 2823 super
283 2750 357 2808 vos*
369 2747 554 2806 benedicimus
574 2761 623 2804 ros
637 2747 664 2803 in
677 2745 787 2803 nomine
800 2745 852 2802 iiu-
939 2746 1006 2802 Atia.
1027 2745 1124 2803 Porcii
1137 2746 1269 2803 inmanem
1281 2747 1383 2806 Ciristo
1396 2765 1464 2807 mec.

61 2846 142 2904 mini.
593 2874 595 2879 >
938 2841 1038 2897 iurabit
1054 2841 1182 2898 beminen
1193 2841 1312 2899 baridiu
1328 2842 1452 2913 teriute,
1467 2850 1494 2900 et
1510 2858 1562 2900 uon
1578 2842 1691 2904 trusus-

399 2931 517 2990 Clllllli.
837 2980 841 2991 .
903 2932 944 2989 bit
958 2931 1094 2990 eum*ds
1115 2933 1201 2990 iruetu
1215 2935 1314 2991 reatris
1329 2932 1367 2991 tui
1378 2934 1483 3006 ponam
1498 2949 1580 3007 super
1597 2935 1692 2994 amem

317 3028 457 3084 Canticum
472 3024 594 3097 pradum.
903 3040 1003 3083 meam.

356 3122 393 3175 lie
408 3119 562 3177 inutilitate.
864 3083 888 3149 c
939 3118 968 3175 Si
980 3119 1157 3176 custodierint
1172 3119 1218 3177 lilii
1233 3119 1271 3177 tul
1291 3127 1479 3177 testamentum
1493 3136 1594 3190 meum,
1610 3076 1696 3180 ettess'

101 3214 170 3271 iia.
180 3213 201 3269 Α
211 3212 298 3284 cipitia
312 3213 438 3267 matutine
451 3227 529 3281 usque
541 3211 577 3266 od
589 3215 687 3267 noctem
699 3218 801 3281 :spuet
810 3208 852 3267 ls-
902 3211 1027 3268 stimonia
1047 3227 1105 3268 mea
1118 3213 1186 3279 bae,
1206 3227 1267 3284 quac
1279 3212 1383 3270 docebo
1396 3228 1444 3269 eos
1457 3214 1514 3271 *et
1525 3213 1574 3270 tttti
1597 3227 1692 3270 eorum
1818 3205 1821 3214 '

62 3309 138 3366 ranei
151 3309 177 3363 in
192 3305 313 3362 liomino.
903 3305 1036 3362 sedebunt
1050 3320 1134 3377 usque
1148 3308 1174 3363 in
1185 3317 1315 3364 murnum
1330 3323 1414 3380 super
1423 3308 1516 3366 sedem
1530 3322 1629 3366 meam.

99 3401 139 3456 lie
154 3399 292 3471 prnlttutlis
315 3396 429 3455 clamabi
454 3397 489 3454 ati
512 3406 554 3465 te,
574 3395 689 3453 Domine
700 3395 717 3433 ²*
730 3393 853 3464 bantium
940 3397 1070 3466 Quoniam
1084 3399 1166 3469 elegit
1180 3398 1308 3456 Dominus
1321 3398 1393 3472 Spon
1409 3400 1579 3472 *praselepit
1590 3414 1650 3456 eam
1665 3399 1693 3457 itt

62 3490 267 3548 exauditncem
279 3503 378 3544 meam.
904 3487 1097 3545 habitationem
1111 3488 1173 3546 sibi.

101 3581 180 3638 liant
191 3594 270 3636 autres
284 3588 336 3635 tuae
352 3577 520 3635 intendentes
533 3578 550 3614 *
563 3577 597 3634 ad
618 3578 768 3636 orationem
782 3577 853 3637 serti
940 3581 1004 3638 ileo
1015 3582 1122 3654 requies
1135 3598 1194 3639 mea
1219 3582 1246 3639 in
1269 3583 1397 3640 taculum
1418 3583 1510 3640 soordi
1522 3583 1595 3640 *bic
1614 3581 1694 3639 babi-

62 3674 116 3731 tui.
436 3653 443 3671 “
904 3670 967 3727 tabo
981 3673 1107 3743 quottiam
1121 3672 1243 3744 praeelegi
1256 3689 1327 3730 eam

102 3762 133 3820 Si
148 3761 315 3833 iniquitatem
340 3759 537 3826 observaberis,
556 3759 677 3827 Domine,
696 3758 714 3795 *
730 3758 853 3829 bomine,
940 3760 1055 3818 Viduam
1068 3764 1126 3819 eius
1140 3764 1302 3820 iteuedieens
1316 3763 1474 3821 benedicam
1484 3764 1538 3821 *et
1559 3776 1693 3836 pauperes

64 3855 129 3928 quis
141 3851 292 3912 sustinebit.
906 3854 965 3911 eius
978 3855 1107 3910 saturabo
1121 3855 1242 3924 panibus.

104 3947 172 4017 Quia
186 3945 256 4017 apud
281 3955 307 4000 te
322 3943 476 4014 propitiatio
499 3942 567 3998 est*
587 3949 615 3997 et
636 3950 744 4014 propter
767 3940 854 4014 iepetn
942 3941 1101 4000 Sacerdotes
1121 3944 1179 3998 eius
1198 3941 1307 3999 induam
1318 3942 1502 3999 salutare*et
1525 3943 1611 4000 sancti
1633 3944 1693 4001 slus

65 4049 143 4096 tunm
157 4035 271 4094 sustinui
285 4043 321 4101 te.
337 4034 463 4089 ilomitte.
906 4033 1071 4092 exultatione
1085 4034 1252 4090 exultabunt.

104 4120 237 4186 sustinuit
250 4127 337 4181 anima
351 4139 410 4182 mea
426 4123 545 4182 inuerbo
558 4120 856 4196 tuo*sperabitanima
943 4123 999 4180 illie
1024 4124 1170 4195 producam
1197 4138 1280 4181 cornu
1305 4124 1388 4182 llatid
1407 4125 1532 4197 *parabi
1557 4125 1695 4207 lucernam
1815 4195 1817 4198 Α

65 4234 130 4277 mea
144 4216 303 4274 tnuontnn.
837 4288 841 4294 ι
907 4212 1015 4271 Christo
1028 4228 1099 4270 meo.

107 4307 229 4381 Arigilia
248 4305 376 4362 matutina
392 4320 477 4376 usque
490 4304 523 4361 ad
547 4315 654 4363 noctem
668 4305 713 4362 *a
736 4305 857 4365 custodia
943 4306 1067 4364 inimicos
1090 4305 1149 4363 eius
1170 4304 1279 4362 induam
1302 4304 1458 4362 contusione
1474 4305 1586 4377 *super
1609 4305 1697 4377 ipsum

67 4403 201 4458 matutina
215 4408 305 4469 speret
316 4398 417 4453 israhel
437 4400 462 4452 in
478 4397 605 4454 Domino.
910 4408 1001 4456 autem
1015 4397 1102 4455 floriet
1114 4396 1274 4454 santilicatio
1289 4411 1359 4453 mea.

106 4490 173 4560 Quia
186 4491 255 4560 apud
278 4488 418 4545 bomtnum
431 4489 614 4547 misericordia
629 4490 695 4546 est*
708 4497 735 4547 ei
749 4488 858 4562 copiosa
1237 4509 1368 4567 mxu,
1404 4512 1411 4523 =
1435 4562 1439 4571 Ι

69 4581 142 4656 apud
157 4597 219 4637 eum
232 4581 373 4639 redemtio.
583 4655 584 4659 Ἰ

110 4672 143 4727 iit
157 4674 213 4744 ipse
228 4671 525 4731 redinattsmtetter
536 4675 660 4733 omnibus
674 4676 859 4751 iniquitatibus
1276 4737 1283 4750 ,
1395 4738 1402 4750 ,

68 4763 141 4837 eim·
800 4743 803 4751 ’
1184 4735 1282 4807 Popula
1295 4737 1429 4809 perlectae.

413 4855 521 4918 CXXX.
598 4917 600 4922 ,
946 4852 1015 4911 Aba.
1034 4853 1108 4912 Sicut
1120 4869 1162 4910 rat
1180 4851 1307 4921 Rumon,
1324 4853 1395 4926 qaod
1406 4851 1538 4909 demendis
1552 4851 1578 4905 in
1591 4860 1702 4923 nostem

331 4948 468 5005 Canticum
477 4951 600 5023 pradum.
841 5016 844 5021 ¹
912 4943 986 5018 spen
999 4960 1009 5001 .·
1024 4942 1301 5020 [arquitenentem
1315 4943 1442 5001 liontimu
1455 4943 1667 4999 intedietionest.

216 5031 304 5093 Oratio
321 5037 413 5094 flans.
428 5039 599 5097 inluminatio
611 5041 717 5102 Ciristi.
948 5039 1019 5096 Ecce
1036 5054 1114 5111 quarn
1131 5039 1230 5097 bonum
1244 5052 1273 5097 et
1285 5054 1366 5111 uuam
1389 5036 1561 5095 iucundum*
1575 5035 1699 5093 babitare

110 5126 177 5183 At'ta.
193 5127 285 5198 Speret
299 5128 400 5185 iaraitei
414 5131 440 5186 in
456 5130 566 5189 Dottuao
579 5149 612 5191 ea
625 5138 673 5193 itus
684 5154 765 5208 nunc,
780 5148 805 5196 si
818 5156 863 5199 ss·
912 5131 1010 5190 imm
1020 5132 1047 5189 5⁰
1063 5148 1155 5190 unum.
1683 5182 1686 5193 ·

71 5236 122 5292 quc
135 5222 161 5273 in
175 5225 309 5278 mentem·
902 5264 907 5271 -
948 5224 1024 5283 Sicut
1037 5235 1199 5298 utrgttentum
1212 5240 1229 5281 a
1243 5225 1331 5294 eapite
1349 5221 1421 5294 quod
1449 5218 1589 5277 descendit
1603 5210 1631 5276 in'
1641 5218 1705 5275 bar·

112 5310 233 5378 bomine,
248 5325 354 5369 nonest
372 5315 575 5377 exaltatumcer
590 5337 680 5378 meum
696 5339 782 5398 neque
797 5325 860 5385 niati
914 5317 975 5376 bam
1001 5318 1028 5376 itt
1056 5319 1168 5376 barbam
1193 5321 1284 5375 Aaron
1311 5317 1328 5352 *
1347 5314 1418 5388 quod
1445 5311 1586 5371 deseendit
1605 5312 1632 5367 in
1656 5325 1704 5367 ora

72 5411 140 5456 sunt
161 5403 231 5458 oculi
256 5406 435 5478 mei*neque
448 5411 582 5468 ambulabi
606 5406 760 5487 inmanis,
776 5433 865 5491 neque
915 5415 1066 5469 vestimenti
1092 5413 1160 5469 eius.

74 5501 104 5553 itt
119 5493 374 5570 tuirabiiibussuper
388 5515 442 5558 me.
841 5548 847 5567 .
951 5505 1025 5562 Sicut
1046 5520 1092 5562 ros
1116 5506 1244 5572 Hermon,
1270 5502 1341 5574 qnod
1369 5501 1510 5561 descendit
1533 5501 1561 5557 in
1584 5505 1704 5557 mutuatu

1163 4624 1303 4682 Canticum
1320 4624 1445 4698 pradum.

113 5592 142 5650 st
158 5606 210 5650 noa
220 5592 357 5653 humiliter
368 5594 542 5654 sentiebam*
554 5597 604 5658 sed
618 5600 737 5663 exaltabi
747 5604 865 5664 animam
915 5597 1017 5671 spon*
1028 5598 1153 5670 quoniam
1166 5597 1222 5655 iilic
1239 5596 1379 5654 mandabit
1391 5597 1520 5653 Mutuus
1542 5591 1707 5652 benedictiu-

75 5696 177 5742 mmm·
388 5760 391 5765 .
539 5703 541 5706 ’
919 5694 1127 5765 nent‚sttitnm
1142 5694 1266 5766 usquein
1280 5692 1420 5750 saeculum.
1463 5721 1495 5735 --
