3758 6224
42 352 97 406 libs

211 456 305 510 Ynmus
318 456 343 508 in
361 454 427 507 diem
440 465 528 506 sancte
543 450 662 504 cristine.

83 549 199 620 Virginis
214 561 290 602 sacre
304 545 481 613 trinmplrum.
499 541 521 598 ll
526 554 535 596 t
556 543 583 596 irr
597 544 655 612 ejus
680 539 840 596 Festiuitutr.

220 636 316 691 Ymnus
329 637 355 689 in
375 636 442 688 drern
455 633 538 687 suncti
556 630 662 685 Felicis.

84 732 154 788 Fons
170 731 230 783 vitm
247 729 317 783 Deus
332 725 472 795 perennis.
489 723 525 780 llt
537 723 563 776 in
573 726 631 795 ejus
645 718 805 777 Festiuitute.

93 822 127 890 i.
141 820 169 874 ln
181 819 310 874 memoria
329 825 435 871 eterna.

125 911 220 966 lrnnus
235 910 261 962 in
273 907 341 962 diem
355 915 503 959 sanctorum
516 901 585 957 «lusti
598 909 622 956 et
635 899 763 956 Pastoris.

81 1002 157 1058 0Dei
172 999 310 1070 perhenne
326 995 454 1051 llerbnrn.
477 992 512 1049 llt
529 993 556 1047 in
576 1006 665 1047 eorrnn
684 988 840 1055 Festiritote,

50 1095 92 1149 die
104 1093 120 1146 6
135 1089 254 1161 Augusti.

95 1188 131 1252 i.
149 1183 187 1238 Er
200 1196 246 1237 ore
259 1179 412 1235 infantium.

212 1271 307 1325 llmnru
322 1271 347 1323 in
360 1269 427 1323 diem
441 1267 525 1323 suncti
536 1264 671 1321 Laurenti.

91 1366 129 1420 En
139 1363 258 1417 martiris
269 1359 414 1416 Laurentii.
429 1358 497 1415 lltirr
508 1362 563 1424 ejus
575 1354 733 1420 Fertiritctt,
746 1355 787 1409 die
797 1354 842 1409 tu.

98 1458 113 1526 i
126 1498 134 1513 .
148 1459 284 1511 iustorum
295 1454 395 1507 anime.

237 1541 333 1597 {ornus
347 1543 373 1596 in
385 1543 450 1595 diem
465 1539 547 1595 suncti
558 1537 661 1593 Generi.

89 1635 224 1691 0llcrum
246 1634 358 1689 Domine
386 1631 513 1688 Conditor
536 1631 666 1686 omnium.
682 1627 716 1684 llt
737 1629 763 1682 iu
788 1631 844 1696 ejus

55 1728 213 1795 Festiuitnte,
230 1726 270 1780 dis
284 1724 329 1781 25.

98 1824 115 1891 i
129 1863 134 1875 .
148 1820 240 1878 iustus
254 1829 283 1875 ut
298 1818 398 1890 palma.

340 1911 367 1964 iu
381 1909 448 1962 diem
463 1907 545 1962 suncti
560 1903 667 1959 leonti.

317 1997 344 2072 Ξ
358 1997 473 2054 Laudem
499 1996 598 2068 beate]

92 2095 231 2151 sacratum
241 2090 341 2148 Christi
357 2088 521 2145 antestitem.
535 2085 568 2142 llt
583 2090 676 2160 inejns
691 2083 846 2151 festivitate,

57 2187 100 2241 die
112 2185 159 2240 id.

226 2274 323 2329 Ymrrus
334 2273 362 2328 in
375 2272 442 2326 diem
454 2270 536 2326 suncti
548 2268 677 2340 Apustini.

293 2361 330 2437 [ξ
344 2363 465 2418 Clrristus
487 2359 615 2432 ostrum]

96 2459 154 2516 Lux
170 2459 243 2513 licus
257 2457 365 2513 Christe
378 2455 462 2525 pietas
475 2453 637 2510 redundans.
655 2451 702 2506 liis
715 2451 760 2509 tt.

167 2549 262 2603 lnrnur
273 2549 300 2603 in
314 2547 381 2602 diem
395 2547 477 2600 surrrti
492 2545 608 2614 cipriani
619 2545 742 2616 episcopi.

95 2639 174 2697 Urbis
190 2637 316 2707 magister
329 2634 435 2691 Tascie.
451 2633 485 2690 llt
498 2636 525 2689 in
538 2636 596 2706 ejus
613 2632 769 2689 Festiuitste.

246 2724 343 2781 imnur
354 2726 380 2778 in
393 2726 460 2780 diem
471 2727 554 2780 suncti
568 2724 668 2778 liutter'.

273 2814 308 2888 [ξ
321 2814 466 2870 Clementis
487 2811 606 2884 festum]

93 2910 199 2967 Christe
213 2919 240 2965 tn
255 2922 344 2964 rerum
356 2907 499 2977 opifexque
509 2920 631 2976 opernm,

56 3004 194 3072 0limpnm
210 3001 292 3071 regis,
306 3000 433 3071 aridaque
447 2999 575 3062 sustines,

58 3099 154 3155 Polum
169 3098 280 3153 decoras
292 3095 392 3151 lumine
404 3094 522 3159 sidereo,

58 3191 184 3261 Arbaqne
196 3189 287 3257 reples
299 3187 415 3243 lturninis
426 3202 457 3241 et
473 3185 595 3253 traduce,

59 3280 125 3336 lube
140 3293 174 3335 ne
184 3277 269 3333 sulnn'r
283 3277 373 3331 elllnat
386 3291 417 3332 er
433 3275 529 3331 lirnite.

96 3370 136 3425 Tu
150 3371 337 3440 Protoplansto
351 3367 461 3439 ejusque
472 3367 607 3437 prosapie.

59 3460 140 3532 begis
155 3477 206 3531 que
218 3476 327 3517 sensnm
340 3460 462 3516 naturale
477 3459 583 3525 inserit,

62 3553 99 3610 ln
111 3569 142 3608 ea
159 3551 232 3607 iratri
252 3567 331 3623 quem
342 3553 399 3608 ruit
409 3552 460 3607 sibi
471 3552 592 3622 inrogrt;

64 3643 178 3699 bemnm
193 3643 289 3698 bloises
302 3645 371 3698 bisa
388 3656 412 3699 te
425 3644 451 3698 in
467 3642 564 3698 tabulis

63 3735 144 3791 lienis
159 3735 259 3803 accepit
274 3735 407 3805 preceptis
420 3734 552 3788 almillcis.

100 3824 139 3878 Et
154 3822 216 3878 lrinc
230 3823 362 3893 Proplrete
377 3822 521 3878 bisoctoni
537 3821 658 3889 ueniunt,

62 3911 158 3983 Populi
172 3912 252 3969 corda
266 3912 425 3968 adsalutem
442 3913 586 3980 instruunt,

63 4004 190 4060 Errorem
206 4019 303 4059 vanum
319 4002 450 4058 idolorum
463 4003 620 4068 dextrnnnt,

62 4094 180 4151 Credere
193 4094 276 4151 licum
291 4104 317 4151 te
330 4095 455 4151 celestem
470 4095 618 4164 predicunt,

64 4189 97 4244 lit
110 4187 258 4258 prestolare
270 4187 437 4240 incarnatum
450 4185 601 4255 proferunt.

101 4278 208 4334 tlttibus
222 4279 340 4348 quinque
352 4277 474 4334 docentis
487 4277 513 4331 in
528 4281 598 4334 serie

63 4368 171 4422 llnbens
187 4367 229 4422 lric
244 4367 359 4422 mundns
369 4383 453 4422 annos
467 4369 500 4423 ab
511 4368 631 4438 origine.

63 4456 140 4512 Tunc
150 4470 230 4512 verns
245 4457 489 4537 spumosumque
503 4473 536 4513 er
552 4458 660 4528 Virgine

62 4547 117 4601 Ter
131 4546 209 4603 denis
223 4547 251 4604 in
267 4559 293 4604 te
304 4562 388 4632 annps
403 4558 447 4604 tue
461 4557 582 4619 ternpore

61 4636 109 4694 Sic
122 4652 137 4692 a
149 4635 273 4693 lobannis
288 4638 386 4694 tinctus
400 4647 443 4695 est
456 4638 627 4711 baptismate.

103 4735 205 4793 betrtm
215 4737 345 4808 prescitos
359 4737 441 4808 elegis
456 4740 599 4809 Apostolos

63 4827 187 4895 Petrum,
203 4830 348 4897 andream,
362 4830 523 4899 lobannem,
539 4842 566 4887 et
580 4833 715 4901 iacobum,

66 4918 305 4987 Bsrtltolumteum,
320 4922 476 4991 ludamque,
489 4935 516 4977 et
531 4922 679 4991 Simonem,

66 5010 192 5081 Teanam,
206 5010 351 5082 Filippnm,
364 5024 392 5069 et
405 5012 474 5069 Allei
489 5014 629 5080 iacobum,

65 5101 196 5160 uernum
206 5117 272 5159 rero
284 5117 383 5159 rocam
395 5120 409 5158 a
424 5105 531 5162 toloneo
543 5104 679 5180 [telonio].

104 5202 172 5259 ilinc
185 5213 244 5274 post
257 5218 397 5260 ascensum
410 5204 516 5262 Cirriste
529 5215 603 5262 tuum
618 5206 651 5261 ad
667 5206 740 5264 celos

66 5301 187 5371 Propere
200 5301 339 5371 pergitque
353 5299 387 5356 sd
400 5301 540 5371 Eziopios3

66 5390 130 5447 ilos
143 5405 158 5445 a
169 5389 303 5447 Candacis
315 5391 427 5447 Eunoen
441 5401 582 5463 susceptus
594 5401 647 5456 est,

68 5480 244 5550 Prestigiator
256 5481 380 5537 liberarit
393 5497 408 5536 a
421 5497 513 5551 magos
526 5482 647 5556 [magis],

66 5573 98 5630 lu
111 5587 207 5630 somno
221 5576 301 5631 rortit
315 5577 446 5632 dracones
456 5575 625 5632 sevissimos.

106 5663 219 5721 Exortat
231 5675 321 5722 cetum
337 5680 419 5723 sanos
432 5665 499 5722 deos
513 5675 645 5732 temnere,

67 5755 303 5814 erosnovem
315 5756 408 5816 lesum
418 5758 554 5814 Christum
564 5759 685 5822 credere.
696 5823 699 5830 ,

212 5847 348 5910 Parnon.
372 5847 548 5911 LXXXVl.

703 332 786 389 lllnt
807 330 1024 388 noztttttttct.

854 451 877 506 Δ
893 446 927 502 llt
940 446 1056 516 paradisi
1071 445 1192 501 lruantur
1204 443 1301 501 delicie
1318 461 1324 498 :

893 539 950 592 llos
963 538 997 592 ab
1008 536 1117 608 Eglippo
1130 546 1172 592 est
1180 536 1281 592 arcitus
1293 535 1412 606 principe

892 627 1108 696 bromtonem
1122 628 1259 683 suscitata
1273 625 1379 683 lunere.
1480 660 1482 666 π

927 717 993 793 [cru]
1008 719 1064 775 lior
1078 719 1141 776 sidit
1154 718 1240 775 crodit
1254 726 1281 775 et
1295 718 1370 787 plebs
1392 716 1522 788 templum
1536 733 1577 776 cu.

892 809 921 864 ln
935 823 988 879 qno
1003 824 1048 865 rer
1060 811 1131 864 lotus
1145 808 1296 876 coniuxque
1309 806 1468 864 balnisnrrto

891 898 977 968 anm
993 898 1145 955 Enlrrnone
1156 898 1232 970 plebs
1246 905 1274 953 et
1288 896 1405 968 Eugenia

891 990 997 1044 Almam
1013 991 1141 1045 ducentes
1153 989 1233 1044 vitam
1247 990 1273 1043 in
1289 987 1414 1057 progenie

893 1079 983 1149 lisque
996 1078 1059 1135 dum
1070 1079 1141 1150 cepit
1154 1079 1255 1134 irtacus
1268 1078 1411 1149 regimine.

927 1169 1064 1227 Convocat
1077 1185 1192 1242 namque
1201 1185 1251 1226 rex
1267 1169 1342 1226 rudis
1356 1170 1511 1239 apostolom

894 1265 977 1338 Eique
990 1280 1101 1337 regnum
1115 1264 1258 1336 spopondit
1273 1263 1427 1330 dimidium,

893 1359 928 1416 llt
937 1359 1028 1430 celeps
1042 1359 1082 1415 illl
1096 1358 1175 1415 detur
1189 1358 1318 1428 Eugenia,

892 1451 943 1508 Cui
953 1452 995 1507 bis
1009 1459 1116 1507 centum
1127 1450 1197 1506 alme
1211 1449 1238 1505 in
1252 1447 1364 1505 cenobia

894 1541 1017 1613 Virgines
1032 1549 1110 1598 erant
1119 1554 1194 1596 sacra
1206 1554 1266 1596 cnm
1279 1539 1422 1596 velamina.

932 1634 974 1690 nd
990 1633 1039 1690 bec
1051 1633 1172 1689 llatlrctu
1185 1633 1271 1689 irtaco
1285 1639 1395 1689 exortus
1408 1639 1450 1688 est

809 1769 813 1777 .
897 1723 949 1780 Fas
962 1739 1015 1780 non
1029 1733 1071 1780 est
1081 1737 1175 1780 servus
1189 1722 1270 1793 Regis
1285 1736 1410 1794 sponsam
1426 1722 1535 1786 ducere,

858 1795 883 1856 Β
898 1813 953 1869 Nec
964 1813 1065 1869 Christi
1082 1828 1208 1883 sponsam
1224 1813 1262 1868 las
1276 1820 1318 1869 est
1332 1822 1376 1868 tue
1390 1813 1485 1880 copule

898 1902 990 1973 longi:
1006 1903 1107 1958 irtacus
1117 1902 1152 1958 ob
1163 1902 1213 1959 boc
1227 1915 1289 1958 mur
1304 1902 1476 1972 Apostolum·

900 1993 1004 2049 Percuti
1016 1993 1093 2050 lussit
1107 2004 1234 2063 punctum
1249 1993 1303 2048 ictu
1317 1991 1408 2062 gladii.

933 2086 1019 2144 Orans
1033 2086 1188 2143 confossum
1202 2087 1300 2158 migrat
1312 2085 1362 2143 celi
1376 2085 1477 2152 anima,

899 2184 1002 2239 burum
1016 2197 1077 2238 mor
1091 2181 1184 2251 prebet
1198 2182 1274 2250 rirgo
1285 2180 1428 2250 ungenta,

900 2274 935 2331 lit
948 2272 1055 2331 Cliristo
1069 2274 1174 2346 dignam
1185 2281 1346 2330 construunt
1356 2273 1511 2342 baselicam,

900 2366 929 2423 ln
943 2381 995 2438 qua
1010 2366 1132 2423 llatbeus
1144 2365 1288 2438 requiescit
1301 2365 1329 2421 in
1343 2380 1450 2432 urnam,

905 2458 998 2530 ligent
1013 2458 1124 2514 uirtutes
1140 2471 1187 2526 per
1201 2465 1294 2513 eterna
1309 2464 1442 2527 tempora.

938 2547 1062 2618 Virgines
1076 2546 1116 2602 uri
1131 2561 1178 2602 rex
1193 2546 1325 2617 precepit;
1340 2545 1388 2600 sed
1401 2544 1508 2599 llamnta

904 2642 1005 2698 Ventus
1017 2641 1159 2712 invergens
1169 2651 1270 2696 cremat
1280 2639 1351 2709 regis
1363 2639 1430 2693 atriu
1444 2655 1452 2693 z

890 2732 964 2800 ¹ilos
978 2740 1020 2788 est
1033 2745 1177 2802 percussus
1191 2738 1263 2786 totus
1273 2730 1408 2786 elebantia

904 2822 991 2880 Prolis
1005 2819 1371 2894 arreptosdemonisscritia,

904 2914 952 2972 Set
966 2926 1041 2986 pater
1055 2928 1133 2970 cesus
1144 2928 1209 2970 ense
1223 2912 1296 2968 efflat
1308 2913 1435 2968 animam.

942 3005 998 3061 llex
1010 3019 1073 3059 num
1084 3019 1147 3060 mor
1161 3004 1232 3074 cepit
1245 3004 1325 3058 irater
1335 3002 1464 3072 Engertie,

905 3100 973 3155 Beor
986 3097 1107 3170 gestabat
1123 3111 1219 3152 nomen
1235 3110 1267 3152 cs
1282 3095 1451 3159 babtismate.

886 3211 892 3225 ·
905 3190 964 3259 Qus
973 3199 1081 3246 sanctus
1093 3189 1185 3264 martir
1198 3195 1363 3258 unxeratque
1377 3186 1513 3252 crismate,

904 3269 1046 3340 ¹l'rouincltt
1058 3290 1121 3337 sunt
1133 3280 1258 3351 idemque
1271 3279 1398 3344 baselice,

905 3375 964 3444 Qne
973 3383 1071 3431 canunt
1083 3373 1139 3429 lieo
1148 3372 1219 3429 dulci
1235 3370 1425 3426 modulamine.

943 3467 1010 3522 iota
1021 3481 1068 3522 rer
1082 3463 1166 3536 plenis
1179 3461 1286 3519 (ibriste
1300 3472 1385 3518 ratam
1397 3459 1477 3536 [rata]
1489 3459 1577 3528 cilice,

902 3555 1047 3628 Languidis
1058 3557 1128 3625 labe,
1143 3557 1278 3626 elisosque
1290 3555 1374 3624 erige,

905 3649 1002 3705 ilentis
1014 3648 1145 3713 solamen,
1159 3646 1257 3702 iunctis
1269 3645 1341 3700 dena
1353 3645 1483 3715 requiem,

906 3747 976 3798 Arce
989 3751 1016 3797 et
1031 3749 1145 3812 pestem,
1161 3722 1271 3807 bellum,
1287 3737 1360 3794 litem
1375 3737 1496 3803 remobe,

906 3831 1039 3889 Fraterno
1052 3844 1144 3901 pacem
1157 3829 1243 3885 solida
1257 3829 1282 3882 in
1299 3838 1416 3898 pectore.

942 3923 1082 3993 Supplices
1096 3921 1203 3979 Christe
1214 3919 1318 3976 rernuli
1332 3919 1501 3988 exposcimus
1512 3960 1519 3984 ,

906 4016 1027 4074 adsistat
1042 4015 1146 4068 lanctor
1160 4011 1238 4067 nobis
1248 4011 1293 4066 bic
1307 4011 1451 4079 Apostolus

910 4108 1037 4178 impetret
1051 4104 1151 4161 nostris
1163 4103 1268 4158 reniam
1284 4101 1443 4168 sceleribus,

909 4200 1015 4258 Ernlsis
1029 4196 1132 4254 cunctis
1143 4194 1267 4265 vitiisque
1281 4191 1412 4258 lunditus,

908 4293 969 4350 llita
982 4292 1045 4348 dnm
1060 4290 1140 4345 instat
1155 4287 1254 4359 polleat
1268 4284 1420 4342 uirtutibus.

943 4385 1033 4442 Gloria
1047 4381 1118 4438 Patr-l
1134 4387 1261 4453 personet
1274 4377 1405 4450 ingenito,

871 4490 899 4551 1)
911 4478 999 4535 Gloria
1014 4476 1118 4533 cbristo
1131 4489 1237 4543 semper
1250 4471 1404 4542 Unigenito,

909 4568 997 4627 Gloria
1010 4567 1108 4625 Sancto
1121 4563 1230 4634 Spiritui
1245 4561 1388 4627 Parasino,

909 4658 992 4715 Cuius
1003 4666 1097 4714 eterna
1112 4656 1170 4710 laus
1185 4662 1212 4710 et
1226 4653 1345 4723 putentia

909 4749 961 4807 Per
973 4749 1075 4806 intona
1090 4747 1242 4805 seculorum
1254 4745 1354 4802 secula.

952 4843 969 4913 i
982 4879 989 4895 .
1002 4843 1029 4897 ln
1042 4840 1181 4897 memoria.

962 4935 1057 4990 Ymnus
1071 4935 1098 4986 in
1112 4931 1287 4987 decollatione
1299 4929 1381 4984 suncti
1390 4926 1518 4984 Jolrurmir
1530 4927 1653 4982 bultistc.

946 5027 994 5082 llic
1007 5024 1124 5082 loannes
1137 5026 1205 5080 mire
1218 5032 1306 5079 natus.
1321 5020 1355 5076 llt
1370 5019 1455 5076 intur
1467 5020 1626 5078 Fertiritctr.

953 5116 990 5186 i.
1008 5116 1037 5170 ln
1053 5118 1193 5172 memoria.

989 5208 1087 5264 Ymrrara
1099 5210 1125 5264 irr
1138 5209 1204 5263 diem
1216 5207 1299 5263 sensti
1318 5205 1465 5263 Hieronimi
1478 5204 1618 5277 presbiteri.

1161 5297 1199 5371 [ἶ
1210 5297 1315 5370 insigne
1337 5293 1455 5368 lectum]

946 5392 1069 5448 cbristus
1079 5398 1122 5446 est
1139 5390 1223 5445 virtus
1246 5389 1332 5446 Patris
1353 5388 1512 5459 sapientiam
1538 5385 1702 5459 [sspicntial.

915 5484 949 5538 lit
963 5487 990 5539 in
1002 5487 1060 5558 ejas
1076 5482 1234 5538 festivitate.

913 5576 1008 5633 lennes
1022 5577 1049 5628 in
1067 5575 1134 5628 diem
1148 5582 1294 5628 sanctorum
1318 5571 1437 5628 virissimi
1453 5570 1567 5627 Nereine
1582 5569 1706 5630 utute.

1019 5663 1163 5720 lucundnm
1179 5662 1256 5719 nobis
1270 5661 1424 5719 buncdiem

990 5757 1105 5829 Sanguis
1118 5755 1232 5813 sacrarit
1245 5754 1384 5814 martirum
