3758 6224
71 335 142 399 izit

561 333 797 391 sanciebant.
816 359 851 371 -
871 327 980 384 iusti
1001 327 1192 384 nicentius

1619 328 1688 384 tuit

72 470 152 528 teque
164 455 191 511 in
204 419 292 508 medio
312 447 449 506 iustorum
464 445 522 516 ejus
544 444 714 500 contessiune
742 441 851 497 laudare
865 441 889 498 Α
902 439 1049 506 Christum,
1064 453 1112 493 uros
1128 454 1174 506 per
1188 452 1251 494 eum
1267 437 1364 493 rrcissc
1378 436 1497 494 iactumur
1511 439 1685 509 impuieiunes

73 545 179 603 rohdsti
196 562 204 610 ;
218 553 247 599 ut
255 557 314 598 eam
325 549 352 596 et
366 542 392 596 in
404 539 482 595 terris
491 536 663 592 conituutem
677 543 724 600 ,et
734 535 760 589 in
772 533 855 588 con-t-

906 530 1050 584 carnatium
1072 530 1242 597 passiunum;
1269 529 1306 598 ti.
1321 530 1418 586 umen.
1434 529 1500 597 Quia
1517 546 1587 587 nunc
1606 548 1686 587 unum

71 640 110 694 liu
122 636 280 694 sancturum
294 632 445 704 quonimus
460 629 562 687 ficeret
572 627 734 684 exuituntem
750 646 757 681 ι
772 626 856 694 crpu·
905 634 965 673 curn
979 619 1069 684 Patre,
1082 628 1110 674 ct
1121 619 1221 689 Spiritu
1235 619 1336 677 Sancto
1350 619 1468 692 pussidet
1482 636 1578 677 numen
1591 622 1617 677 iu
1631 637 1688 678 se·

72 730 171 784 scimus
181 725 220 781 tui
233 725 351 780 muueris
364 724 463 776 donum
479 735 487 785 ς
501 729 530 775 ut
542 720 601 787 eius
615 718 740 791 precibus
756 717 857 772 tribuas
906 711 964 764 cuia
976 710 1145 766 seculuruut.
1166 712 1203 780 ἡ.
1218 711 1312 765 Amen.

75 817 178 874 uobisi
191 813 292 887 perciti
303 810 461 880 ronnqiune
476 808 599 878 purpuri;
619 806 653 861 ab
663 805 853 874 ardoribusque

75 905 212 976 perpetuis
220 903 277 959 erui
292 920 299 968 ;
313 911 339 955 et
349 900 501 971 gloriatae
516 895 706 953 beatitudinem
716 892 856 964 cuusequi.

111 997 192 1051 Pater
203 1002 301 1048 noster.
319 989 432 1047 hierii
446 989 461 1042 i
475 986 614 1056 malesei.
630 985 657 1039 2.

114 1085 213 1140 huda.
234 1081 425 1140 Germinibunt
437 1093 496 1136 ossa
511 1088 564 1133 tua.
576 1077 622 1148 sui.
639 1090 721 1133 ctu.

113 1177 270 1233 Bmedictio.
291 1176 370 1240 Deus,
386 1172 430 1243 qui
444 1170 613 1226 coniessiune
623 1162 860 1240 inclytamhecci·

79 1267 160 1333 diam,
172 1267 205 1321 ad
219 1263 406 1321 Corticssurum
421 1260 483 1316 iecit
499 1260 635 1330 pertenire
649 1256 786 1323 decurem,
801 1253 859 1323 jus·

83 1360 161 1415 tiicct
174 1372 222 1412 ros
235 1357 268 1413 ab
278 1355 349 1411 omni
360 1352 518 1424 contagione
528 1350 635 1421 eulpa:
654 1347 690 1416 ti.
706 1345 803 1401 Amen.
829 1344 859 1397 Et

83 1450 125 1518 qui
139 1449 209 1502 iiiam
234 1437 413 1501 'coniessiunis
440 1441 561 1498 ubertite
583 1438 647 1494 iecit
671 1449 731 1491 esse
754 1432 861 1502 conspi-

84 1551 171 1604 cuam,
188 1549 235 1591 tos
248 1533 379 1590 eviduntii
394 1546 463 1587 uerae
477 1528 642 1602 poeuituntic
656 1524 787 1597 gloriusos
808 1519 856 1577 eii

85 1627 154 1690 eiat;
181 1625 219 1689 ti.
239 1626 335 1679 druch.
356 1620 391 1678 Ut
404 1618 570 1675 sicutduicis
603 1615 689 1671 iuitin
713 1628 760 1668 uro
784 1611 862 1679 huius

942 801 1070 855 Diminuo
1082 802 1117 856 sit
1128 815 1244 870 semper.
1267 802 1304 870 ri.
1322 800 1355 856 iit
1366 815 1438 857 curu.

942 892 1099 960 Antiphone.
1112 890 1242 946 Columna
1256 892 1389 959 speciusa,
1404 891 1516 963 periuria
1531 905 1607 958 auro,
1621 907 1691 962 gem·

909 982 1012 1051 mirque
1027 981 1180 1049 praecincta.
1202 980 1234 1036 P.
1253 981 1335 1053 cuijus
1348 992 1426 1053 eaput
1445 983 1552 1051 pienum
1564 991 1606 1038 est
1619 998 1690 1050 rore,

909 1083 936 1128 et
946 1074 1031 1128 crines
1042 1073 1132 1142 guttis.
1154 1073 1192 1141 i.
1207 1072 1276 1127 iudi
1287 1072 1353 1138 ilia,
1367 1083 1394 1128 et
1407 1072 1478 1136 uide,
1494 1083 1521 1128 ct
1535 1073 1633 1129 inclina
1647 1090 1694 1128 au·

910 1181 966 1221 rem
981 1174 1051 1220 tuam
1066 1183 1073 1218 :
1089 1173 1117 1219 et
1129 1163 1287 1218 obliviscere
1299 1163 1424 1234 pupulum
1440 1173 1529 1228 tuum,
1544 1174 1572 1219 ct
1582 1165 1689 1221 domurn

910 1256 992 1325 patris
1012 1255 1059 1310 tui.
1082 1253 1116 1308 P.
1132 1253 1213 1325 Cujus
1225 1262 1312 1322 eaput.
1335 1255 1372 1324 i.
1388 1255 1489 1324 Giurit,
1503 1264 1530 1312 et
1544 1259 1627 1313 tuouor
1641 1257 1691 1312 Pa·

912 1348 955 1401 tri.
969 1345 1003 1400 P.
1020 1347 1099 1414 Cujus
1114 1356 1202 1417 caput.

947 1436 1074 1491 Dumiuus
1087 1438 1121 1492 sit
1131 1452 1246 1508 semper.
1269 1440 1304 1507 ti.
1323 1440 1354 1495 Et
1367 1453 1438 1494 cum.

948 1526 1045 1580 Laude
1070 1527 1135 1583 iiiia
1150 1528 1224 1594 Sion,
1246 1530 1375 1599 usquead
1397 1539 1423 1585 te
1435 1528 1522 1585 rurrict
1542 1529 1695 1585 bominhtur

913 1614 1005 1671 terret.
1032 1616 1066 1671 P.
1089 1617 1123 1673 Et
1139 1617 1226 1673 nutriet
1247 1620 1364 1689 potustas
1389 1620 1475 1691 prima
1501 1635 1610 1691 regnum
1634 1620 1695 1673 him

87 1713 198 1785 Virginis
218 1711 349 1768 confessio
368 1709 476 1775 Christi,
492 1708 528 1763 ita
555 1701 689 1762 dulcescat
715 1701 742 1757 iu
766 1699 863 1756 restris
914 1703 1078 1761 ttterusatem
1095 1725 1101 1760 :
1117 1708 1241 1778 egressus
1254 1709 1311 1780 ejus
1326 1710 1341 1765 b
1359 1709 1453 1766 tiiubus
1467 1712 1631 1767 ae‘crtritutis.
1648 1712 1694 1765 ht-

87 1806 206 1861 curdibus
216 1818 290 1858 amor
303 1802 377 1872 requi
390 1799 520 1872 perpetui.
544 1799 581 1867 ri.
598 1797 692 1852 imon.

117 1897 234 2039 ἓῗὲύπιι
250 1981 372 2051 Vesperi,
388 1980 476 2034 dntnio
500 1977 642 2039 dicuntur,
667 1981 694 2028 nt
720 1972 747 2025 in
774 1968 863 2041 primic

87 2071 215 2141 hesperu,
235 2071 344 2142 exceptio
357 2068 485 2140 captante,
509 2076 532 2122 et
546 2062 737 2130 Benedictiutte,
752 2075 810 2133 qne
824 2075 863 2115 ce·

77 2166 201 2230 meunt.

117 2251 249 2320 domnula.
270 2249 376 2319 Accipe,
397 2249 476 2314 heus,
491 2246 644 2301 nostrurum
666 2240 863 2300 contessionem
915 2284 916 2287 ,

70 2338 227 2404 labiururm
240 2341 412 2410 omniumque
436 2335 577 2409 iiqamuutu
594 2333 669 2391 suite
695 2331 863 2388 iacinorum:

71 2433 135 2502 qui
147 2433 228 2503 hujus
243 2432 351 2502 virginis
363 2438 414 2487 tun
434 2428 572 2485 Leocidiae
587 2441 676 2497 prere,
690 2433 718 2481 et
732 2424 805 2481 vitiis
819 2439 864 2479 ca-

64 2534 70 2544 ·
88 2526 202 2589 murus,
217 2531 244 2578 et
255 2521 407 2577 muneribus
419 2517 588 2590 ampliemur,
602 2513 661 2570 curn
677 2513 710 2570 ad
727 2521 753 2570 tc
765 2513 866 2584 procia·

61 2611 271 2670 tnarurimuse
289 2612 367 2667 terris
390 2624 400 2665 :

116 2707 201 2761 Pater
214 2712 313 2759 noster.
329 2701 443 2758 Liberiti
457 2700 473 2754 h
486 2698 566 2756 maio.
580 2699 628 2769 soi,
644 2697 671 2750 i.

118 2792 275 2868 [cccxxxix]
295 2791 449 2848 Benedictio.
469 2789 589 2845 Christus
610 2788 680 2843 Deus
703 2781 797 2850 Pilius,
822 2785 867 2854 qui

56 2883 108 2939 ln
124 2883 298 2940 consessibus
312 2883 352 2938 sui
367 2881 482 2937 numinis
496 2880 618 2950 spiritum
636 2879 752 2946 suscepit
769 2875 869 2931 Leuci·

56 2976 153 3044 diae,
168 2985 285 3032 uestram
299 2973 425 3043 suscipiat
441 2973 544 3028 iduiem
559 2972 775 3026 remuneraturus
788 2967 868 3022 devo·

57 3069 209 3123 :iuuetur
227 3067 263 3136 ri.
277 3070 371 3120 huten.
386 3063 488 3134 Quique
503 3059 667 3117 confessuris
680 3059 756 3129 hujus
771 3057 866 3112 festum

52 3154 109 3212 im
124 3157 240 3214 chuticis
252 3155 451 3212 couiessiunum
466 3151 595 3217 attuiiitis,
609 3149 625 3205 b
640 3149 694 3204 Deo
708 3146 870 3204 remunerc'·

54 3249 150 3303 mim
173 3247 355 3316 sempiternis3
378 3245 415 3314 ri.
438 3245 533 3299 Amen.
548 3240 583 3297 Ut
603 3241 655 3296 iiiic
675 3237 869 3294 remuncrinda

54 3339 226 3406 proveniat
244 3336 349 3393 uerutis
364 3345 467 3401 uestra,
488 3335 540 3405 qub
561 3331 720 3388 beatissime
733 3329 871 3386 Leocidiae

55 3429 223 3485 confessio
238 3428 364 3497 perducta
379 3433 421 3482 est
434 3423 595 3480 muuerinda
610 3438 618 3478 t
639 3421 677 3490 ri.
693 3424 788 3476 huten.
802 3417 871 3474 Cen·

57 3522 200 3579 cedente
213 3521 295 3594 priua
311 3519 465 3579 diviuitutis
480 3518 567 3584 iilius,
590 3515 636 3586 qui
656 3520 698 3571 esi
716 3511 872 3570 benedictus

61 3613 114 3668 itu
129 3615 229 3669 saeerda
241 3613 410 3668 secuturum.
432 3610 469 3679 ri.
485 3610 580 3664 imru.

121 3702 176 3759 Per
190 3701 397 3760 misericerdiam
411 3700 503 3770 ipsius,
517 3708 569 3754 etc.

122 3793 227 3848 undu.
243 3780 441 3848 Germiuibttnt.

125 3882 227 3937 Ordtio.
238 3881 361 3951 Dumine,
372 3883 416 3953 qui
429 3897 458 3939 es
469 3893 597 3952 maguus,
609 3889 637 3935 ut
651 3877 730 3950 cupri
739 3878 766 3933 in
779 3877 873 3947 Perpe-

62 3974 123 4030 ris
137 3973 343 4044 proceritatibus.
523 3971 529 3980 “

428 4064 482 4120 DIE
501 4065 526 4120 Χ

103 4173 132 4214 ttt
152 4172 237 4213 resto
254 4170 360 4213 sonere
379 4171 512 4221 uetuere,
532 4168 643 4212 tracuus
661 4167 696 4209 er
714 4167 852 4208 urnrruts.

382 4247 420 4301 td
438 4247 583 4320 Perpernae.

124 4337 227 4392 Laude.
250 4339 371 4408 Speruuit
391 4339 478 4393 inima
502 4353 561 4393 mea
584 4339 610 4394 iu
633 4337 757 4394 Durniuc.
783 4338 873 4405 Quaere

67 4430 137 4492 [oi.
152 4444 266 4483 ctxttt.
281 4429 362 4484 Scau.
377 4428 502 4485 Duminus
516 4428 586 4484 Deus
599 4430 671 4485 roeii.
686 4427 745 4484 Pei.
759 4443 869 4484 ccxxxi.
887 4457 912 4517 D

124 4521 284 4592 Antiphone.
302 4521 426 4576 hiieiuia.
442 4521 548 4588 Gaude,
563 4531 589 4578 et
610 4521 701 4578 lecture
718 4522 770 4576 iiiia
783 4521 847 4577 Siou
864 4537 871 4575 ε

66 4611 218 4679 quuuiam
233 4625 296 4665 ecce
311 4627 359 4666 ero
375 4611 460 4679 turtio,
481 4622 508 4667 et
528 4612 653 4667 itahitubo
673 4613 699 4667 iu
718 4612 873 4677 medieni,

63 4697 154 4753 dicit
171 4699 308 4756 [turrinus.
324 4700 356 4755 P.
369 4702 402 4755 Et
416 4701 615 4772 applicabuutur
629 4712 722 4774 qeutcs
737 4703 827 4757 muita
840 4705 873 4756 ad

67 4780 233 4844 Durriinum
249 4792 274 4844 iu
297 4791 338 4844 iiia
360 4791 411 4846 die.
434 4792 470 4861 p.
490 4792 627 4851 Eructuuit
646 4807 692 4847 eor
707 4807 794 4846 rurum
810 4808 875 4846 rer-

67 4875 153 4937 bum
169 4884 269 4937 bonum
285 4902 291 4936 ι
307 4885 367 4940 dico
381 4901 430 4943 eto
450 4885 530 4954 upera
547 4902 604 4958 mea
620 4888 686 4956 regi.
699 4885 799 4953 Litrqua
816 4902 873 4941 mea

69 4976 210 5028 calamus
231 4976 337 5041 scriba,
358 4977 481 5032 reicitur
496 4977 648 5033 scribentis.
666 4977 699 5033 P.
714 4979 745 5033 Et
759 4979 875 5048 applica-

72 5056 201 5116 buntur.
224 5063 261 5133 y.
276 5064 376 5129 Giuria,
390 5075 417 5121 et
431 5067 515 5122 iterim
530 5068 601 5123 Patri
627 5078 678 5124 etc.
694 5067 727 5123 P.
744 5067 777 5122 b‘t
788 5067 874 5138 appii-

68 5154 232 5210 eabt'tutttr.

122 5244 229 5300 Ordtio.
249 5246 350 5302 Gaude.
364 5259 390 5303 et
405 5249 496 5305 lature
510 5249 561 5304 iiia
575 5249 654 5315 Sion,
670 5249 729 5320 quia
745 5251 772 5304 in
787 5247 875 5304 medio

79 5341 124 5393 tui
140 5340 322 5395 habitaturum
336 5357 364 5396 se
377 5341 506 5398 Dumiuus
522 5341 662 5412 promittit,
677 5340 739 5396 ditm
755 5351 790 5405 te,
806 5350 834 5396 et
849 5343 873 5395 in

81 5431 216 5497 passiune
238 5433 389 5503 victricem,
410 5445 437 5491 et
456 5436 490 5490 ab
511 5436 582 5490 omui
601 5433 724 5504 contuqic
743 5433 873 5488 hercsunr

87 5525 206 5580 reddidit
231 5525 414 5593 innocentem
442 5541 594 5597 quasumut
617 5541 696 5596 erpo,
723 5536 750 5581 ut
773 5525 875 5582 meritis

88 5617 141 5670 tuis
162 5615 198 5670 ab
218 5616 290 5671 omui
314 5618 459 5673 teutatiune
477 5618 621 5684 sanemur,
644 5616 689 5685 qui
708 5615 777 5671 diem
801 5626 879 5669 tuuur

92 5708 248 5764 renarintes
266 5709 425 5777 inculinus,
445 5712 529 5781 etqui
545 5709 570 5764 in
587 5719 611 5765 te
627 5709 720 5766 uicisse
739 5706 872 5764 erudimus

874 1771 1001 1855 Bretuu.
1025 1799 1061 1867 p.
1080 1798 1168 1854 nauata
1188 1801 1354 1858 turrensium
1374 1803 1514 1858 neminum
1539 1821 1545 1856 :
1569 1803 1697 1858 conraudi

915 1889 998 1945 Deum
1013 1898 1085 1944 tuum
1099 1890 1174 1946 Sion.
1189 1891 1223 1945 P.
1245 1891 1279 1946 Et
1292 1892 1379 1949 uuuiet
1393 1892 1522 1965 potestas.
1543 1890 1696 1963 ).Giuria,
1799 1965 1810 1978 „.

914 1990 941 2034 et
954 1982 1039 2034 bouor
1051 1980 1133 2036 Patri.
1149 1980 1183 2035 P.
1199 1981 1233 2037 Et
1246 1981 1346 2040 reniet.

1242 2071 1374 2143 iipmnns.

994 2200 999 2207 .
1056 2158 1181 2215 Germine
1194 2159 1290 2216 nubilis
1305 2160 1421 2226 Eulalia,

1022 2249 1113 2305 hinnis
1127 2260 1153 2306 et
1168 2250 1257 2306 indoie
1270 2253 1394 2321 nobilior,

1021 2340 1165 2396 Emeritam
1180 2356 1255 2397 sacra
1269 2344 1342 2414 uirgo
1356 2359 1442 2413 suam,

1021 2432 1103 2504 Cuius
1116 2435 1149 2487 ab
1164 2435 1245 2491 ubere
1260 2436 1396 2506 progenita
1408 2447 1459 2504 est,

1022 2525 1131 2580 ossibus
1145 2536 1232 2592 cruat,
1248 2525 1389 2596 amureque
1404 2529 1475 2582 coiit.

1059 2616 1197 2672 Pruximus
1208 2617 1324 2672 occiduo
1339 2618 1412 2673 iocus
1426 2626 1477 2684 est,

1024 2706 1073 2773 Qui
1089 2706 1148 2760 tuit
1161 2704 1210 2760 boc
1223 2704 1303 2761 decus
1317 2705 1462 2775 egrc'qium,

1025 2795 1092 2852 Urbs
1107 2805 1210 2864 potens,
1225 2795 1329 2865 pupulis
1343 2795 1462 2865 iucupict
1480 2814 1487 2850 a

1026 2887 1077 2944 Sed
1093 2889 1168 2960 mage
1181 2887 1308 2958 sunguine
1322 2889 1452 2960 martyrii,

1028 2978 1201 3050 virgineique
1216 2989 1309 3050 puteus
1324 2981 1408 3037 titulo.

1061 3073 1205 3129 Currieuis
1220 3076 1303 3131 tribus
1317 3085 1396 3144 atque
1410 3091 1503 3131 norem

1025 3163 1091 3219 Tres
1104 3179 1187 3219 antius
1201 3166 1294 3236 quatur
1308 3167 1444 3235 attigeram

1026 3252 1092 3310 Cim
1105 3255 1250 3325 crepitinte
1264 3273 1327 3327 pyra
1342 3256 1459 3326 tripidos

1026 3345 1132 3400 Tc'rruit
1143 3346 1235 3415 ispera
1249 3349 1398 3413 condires,

1027 3439 1189 3509 Suppiicium
1203 3439 1274 3495 subit
1288 3438 1445 3496 uulnerata.

1062 3531 1120 3586 iarn
1133 3531 1244 3587 dederat
1258 3533 1329 3600 priris
1343 3533 1478 3600 indicium,

1027 3620 1148 3676 Tundere
1162 3635 1191 3676 se
1206 3619 1291 3676 Patris
1304 3621 1336 3676 ad
1349 3622 1462 3686 suiium;

1028 3711 1062 3765 Et
1073 3724 1121 3765 sua
1135 3710 1253 3765 membra
1269 3711 1353 3764 diruta
1370 3711 1448 3765 thoro

1027 3798 1085 3868 ipsa
1098 3798 1242 3869 crepundia
1255 3800 1401 3869 repulerat,

1028 3887 1132 3942 Ludere
1144 3887 1231 3941 nuscia
1247 3887 1350 3953 pusiiia.

1063 3977 1195 4047 Spe'ruere
1208 3975 1325 4043 succina,
1340 3977 1430 4044 iores,
1446 3991 1529 4044 rosas,

1029 4066 1109 4122 Puiua
1123 4066 1229 4121 monilia
1243 4066 1368 4134 respuere
1382 4084 1388 4120 :

1028 4157 1079 4211 Ore
1093 4156 1196 4222 seuera,
1211 4154 1329 4211 modum
1344 4157 1438 4226 gradu,
1523 4196 1525 4199 -

1028 4247 1145 4304 Muribus
1159 4254 1186 4302 et
1199 4248 1308 4302 nimium
1323 4248 1432 4315 tuueris,

1028 4338 1162 4394 (laniciem
1179 4338 1303 4393 meditata
1319 4354 1424 4394 senum.

1065 4433 1112 4485 ist
1126 4429 1169 4485 ubi
1183 4445 1213 4485 se
1227 4429 1319 4485 turiata
1333 4431 1389 4486 iucs

1029 4521 1133 4576 Excitat
1147 4522 1172 4575 iu
1187 4520 1299 4575 iintulos
1315 4519 1428 4586 Dumiui,

1028 4611 1252 4681 christicolisque
1265 4612 1373 4668 cruciata
1387 4613 1462 4682 jubet

1031 4701 1118 4757 Thura
1134 4703 1264 4769 eremite,
1279 4703 1353 4773 jecur
1369 4703 1477 4772 pucudis

1030 4790 1171 4845 biortiioris
1184 4791 1291 4846 adolere
1302 4793 1353 4847 diis
1368 4811 1374 4845 :

1064 4883 1203 4939 inire'uuuit
1216 4899 1292 4939 sacer
1306 4884 1413 4938 Rutiliae

1029 4973 1155 5043 Spirltus,
1171 4975 1320 5043 ingeniique
1334 4973 1406 5027 ieret

1030 5066 1145 5120 Turbida
1161 5066 1281 5135 iungere
1296 5066 1362 5119 beia
1379 5075 1462 5133 parat,

1031 5156 1063 5209 Et
1076 5157 1140 5211 rude
1153 5165 1253 5224 pectus,
1266 5155 1360 5209 attiuh
1373 5155 1428 5209 tteo

1030 5246 1137 5301 Perniua
1153 5245 1277 5315 prunoeat
1289 5260 1363 5299 arura
1376 5245 1471 5300 uirum.

1064 5336 1116 5392 Sed
1131 5338 1172 5405 pia
1186 5350 1249 5388 cura
1263 5335 1378 5403 parutrtis
1391 5335 1458 5403 agit,

1031 5425 1110 5494 Virgo
1122 5422 1240 5476 auiutusn
1254 5421 1325 5477 durtii
1335 5433 1366 5476 ut
1380 5421 1472 5484 litent,

1029 5516 1124 5572 Abdita
1138 5530 1208 5579 rure,
1222 5523 1251 5569 ct
1264 5515 1297 5567 ab
1312 5513 1377 5569 urbe
1392 5512 1498 5582 prucui;

1030 5610 1067 5664 Ne
1081 5613 1136 5664 iera
1149 5607 1283 5676 singuiuis
1298 5606 1325 5662 iu
1340 5604 1453 5674 prutiutn

1030 5703 1121 5758 iiurtis
1133 5701 1223 5757 arriurc
1236 5700 1321 5773 puilia
1335 5710 1402 5756 ruat.
