3758 6224
95 318 145 371 tob

195 425 363 482 tntztntttttt
380 422 511 480 dictitet
528 421 570 477 DE
583 418 776 476 unotbsto.

474 519 494 570 ,Ι
511 518 529 571 1.

266 622 399 664 ιιιιιιοιιι
412 517 539 663 minicius
553 621 701 662 rnoeurro.

396 696 514 765 Gopindo
530 697 572 751 tt.

129 787 290 844 Benedictus
303 788 342 841 uir
356 788 402 857 uui
414 789 523 842 conitdit
536 787 563 843 in
578 788 691 843 Domino
705 805 712 839 :
724 794 751 842 et
762 797 813 843 ertt
824 786 874 842 no·

93 881 366 937 miuusiiduoiaeius.

130 975 162 1028 iit
177 975 227 1028 crit
242 984 375 1044 tuutqtmm
388 975 486 1045 iignum
506 975 575 1041 uttod
588 975 732 1042 plautatum
748 984 790 1029 est
800 989 878 1031 secut

93 1066 222 1120 decursus
232 1080 359 1133 aquarum
373 1083 379 1117 :
396 1065 465 1134 quod
480 1066 512 1119 ad
524 1066 665 1120 humorem
679 1065 762 1121 mittit
775 1065 878 1121 radices

93 1169 164 1222 etuas,
180 1164 205 1208 et
221 1170 273 1209 nou
288 1155 392 1209 timebit
404 1156 466 1209 doru
483 1157 679 1211 ueneritestus.

130 1245 163 1300 Et
188 1245 241 1300 erit
264 1246 355 1300 ioiinm
377 1247 435 1300 eius
455 1246 538 1301 uiride
551 1263 558 1298 :
571 1256 598 1299 et
611 1246 638 1300 in
653 1247 875 1320 temperentur]

92 1337 220 1393 siccitatis
248 1351 300 1391 non
318 1337 368 1392 erit
378 1336 497 1392 solicitus
512 1350 562 1391 uoc
575 1336 718 1406 aliquando
730 1338 829 1394 desiuit
840 1339 878 1392 ia·

92 1442 154 1481 cere
168 1428 291 1480 iructum.

127 1517 197 1571 Sana
210 1532 254 1572 tue
267 1517 379 1573 bomine
389 1524 416 1571 et
428 1517 552 1581 sanabor,
567 1518 669 1573 stibutn
686 1519 816 1578 nteieoei
827 1521 877 1576 sai·

92 1606 141 1661 bus
151 1623 214 1663 ero:
230 1609 290 1678 prtia
305 1608 362 1663 iaus
378 1623 436 1664 meu
452 1620 478 1663 et
489 1610 573 1664 virtus
588 1624 645 1664 ntea
659 1622 685 1664 tu
697 1628 737 1667 es.

129 1699 197 1755 Ecce
221 1701 270 1770 ipsi
281 1701 373 1755 dicunt
387 1701 420 1757 ad
436 1717 478 1757 mc
494 1720 501 1756 :
516 1703 560 1757 nbi
577 1714 618 1759 ιιι
633 1707 743 1760 verbum
756 1701 873 1774 [iomtnt.

92 1794 181 1848 veniat
196 1812 202 1847 ε
219 1804 305 1864 etego
315 1805 367 1851 nou
374 1800 559 1855 sumturbatos
567 1811 592 1856 te
599 1810 732 1870 pastorem
740 1815 874 1874 sequent:

91 1897 119 1941 et
134 1887 202 1941 diem
219 1887 334 1943 bominis
350 1901 402 1942 uon
416 1892 556 1960 concupibi
570 1903 596 1945 tu
611 1893 674 1948 scis.
756 1884 760 1893 ’

126 1976 201 2043 Quod
211 1992 345 2048 egressum
357 1989 397 2035 est
409 1980 443 2035 de
460 1980 539 2035 labiis
552 1982 617 2038 meir
633 2000 639 2035 :
655 1992 756 2038 rectum
771 1986 797 2040 in
809 1998 877 2041 con·

90 2079 183 2137 spectu
197 2081 242 2123 tuo
255 2069 313 2123 tuit.

126 2162 183 2215 iton
207 2163 241 2214 sit
252 2160 314 2215 mici
332 2159 500 2216 iortttidiuis:
517 2175 579 2231 opes
599 2176 658 2217 mea
673 2171 700 2216 tu
715 2163 794 2220 indie
808 2163 877 2221 aidi·

90 2250 269 2307 etiunismee.

127 2340 330 2400 contiuudantur
352 2359 446 2399 omncs
468 2347 513 2414 otti
536 2360 579 2403 me
605 2355 778 2415 persecuntur
788 2357 876 2404 etnoa

92 2436 318 2505 contnutiarego:
334 2439 448 2504 pabeant
459 2435 495 2492 ilii
511 2447 537 2492 et
553 2453 604 2492 uon
622 2439 732 2506 pabeam
743 2454 801 2511 ego.

129 2527 209 2580 induc
234 2542 314 2596 super
331 2542 378 2582 eos
391 2528 461 2583 diem
474 2528 645 2584 afflictionis:
660 2541 687 2585 et
700 2529 799 2599 duplici
812 2545 877 2588 con-

91 2617 199 2671 tritione
210 2628 318 2672 contere
332 2631 387 2672 eos.

440 2707 531 2762 titt.

274 2814 404 2855 oanrtcmt
420 2814 494 2856 mrsu
510 2816 573 2857 rttu
586 2816 689 2858 stntcn.

394 2890 512 2960 Cupituio
526 2893 569 2948 tit.

835 287 990 364 murtea.

891 422 917 479 A
964 419 1032 487 Quid
1056 422 1143 477 adbuc
1167 422 1327 479 retardatis:
1348 433 1394 478 aut
1418 425 1481 494 quid
1506 427 1596 485 dicitis
1620 433 1715 501 initis,

1667 321 1718 377 bid

930 513 1019 569 anime
1033 523 1122 570 vestre
1132 515 1227 570 sitiunt
1237 525 1405 570 veementer.

966 607 1065 676 Aperui
1080 607 1129 663 boo
1142 617 1268 663 meamet
1288 608 1392 662 intentus
1405 623 1484 663 stim:
1500 625 1655 680 conmutato
1669 634 1715 669 uu-

929 696 970 750 bis
982 698 1040 751 sinc
1053 708 1165 767 argento
1174 701 1336 768 sapientiam
1350 709 1378 756 et
1390 703 1491 757 entium
1506 715 1625 762 restrum
1640 712 1714 765 subi·-

928 788 981 842 cite
992 788 1063 857 ingo.

966 879 997 933 Ει
1024 878 1150 947 suscipiet
1164 880 1253 933 anima
1269 887 1355 935 restra
1368 880 1509 952 disciplina
1528 887 1573 940 :in
1589 901 1715 956 proximo

928 978 969 1024 est
981 968 1054 1024 enim
1068 970 1188 1024 iuvenire
1202 985 1273 1027 eam.

964 1059 1058 1116 Videte
1068 1061 1153 1115 ocutis
1165 1062 1261 1115 vestris
1275 1063 1398 1129 nouitium
1411 1063 1515 1120 modice
1528 1065 1647 1122 laborabi
1661 1086 1668 1124 ε
1685 1078 1714 1124 et

927 1153 1015 1207 inueni
1028 1154 1089 1207 tuiei
1099 1152 1212 1206 muitam
1223 1152 1353 1220 rcuttiem.

963 1243 1102 1299 adsumite
1120 1243 1290 1314 disciplinatu
1315 1246 1342 1299 iu
1359 1245 1444 1300 mubo
1459 1262 1572 1304 numero
1586 1252 1712 1320 argenti:

927 1345 955 1393 et
968 1336 1104 1404 copiosum
1117 1351 1212 1391 aurum
1234 1338 1368 1406 possidete
1384 1338 1410 1392 iu
1422 1353 1463 1394 ea.

963 1431 1072 1484 detetur
1084 1430 1172 1484 anima
1183 1440 1271 1484 restra
1286 1431 1311 1484 in
1321 1431 1505 1488 misericordia
1517 1439 1577 1489 eius
1591 1454 1597 1489 :
1615 1446 1644 1492 et
1657 1452 1711 1493 nou

927 1518 1124 1576 confundemini
1136 1523 1162 1575 iu
1181 1519 1260 1577 iaud'e
1276 1522 1369 1591 ipsius.

961 1611 1114 1683 operamini
1138 1628 1206 1683 opus
1232 1624 1351 1670 vestrum
1377 1625 1441 1671 autc
1458 1625 1563 1685 tempus
1578 1637 1584 1672 :
1599 1620 1712 1677 ctoabb

928 1704 1002 1760 uobis
1014 1704 1166 1761 mercedem
1181 1714 1297 1761 nestram
1310 1707 1336 1760 in
1347 1718 1468 1778 tempore
1477 1724 1536 1764 suo.

1279 1796 1361 1852 XLV.

1127 1903 1256 1944 cturtcuu
1272 1903 1356 1943 sante
1372 1905 1518 1946 nnoeuerr.

1236 1978 1354 2049 Cepitute
1367 1979 1413 2035 id.

963 2065 1033 2123 Ecce
1056 2082 1149 2124 sertus
1178 2085 1254 2125 meus
1268 2072 1410 2139 stracipiatu
1427 2088 1488 2128 eunt
1506 2093 1512 2127 :
1528 2075 1628 2130 eiectus
1639 2091 1714 2134 meus

927 2160 992 2214 dicit
1009 2160 1137 2216 Dominus
1153 2178 1160 2215 :
1174 2164 1332 2229 complacuit
1343 2165 1393 2219 sibi
1409 2166 1435 2219 in
1451 2165 1496 2220 iiio
1506 2168 1593 2221 anima
1609 2185 1678 2225 mea.

965 2251 1030 2307 Dedi
1054 2253 1177 2321 spiritum
1188 2270 1277 2311 meum
1293 2271 1447 2328 supereum
1465 2276 1471 2314 :
1484 2259 1609 2316 iudicium
1621 2263 1714 2333 putati·

928 2341 977 2396 bus
992 2343 1117 2411 proteret.

964 2437 1020 2490 Nun
1031 2439 1155 2493 ciamabit
1166 2455 1251 2509 noque
1262 2443 1375 2511 accipiet
1384 2456 1527 2511 personam
1539 2461 1545 2497 :
1559 2459 1608 2501 nec
1617 2446 1709 2503 audio·

929 2541 972 2586 tur
985 2532 1048 2585 ioris
1061 2546 1110 2586 vot
1124 2532 1192 2587 eius.

962 2621 1098 2675 Calantum
1113 2630 1266 2689 quassatum
1277 2634 1330 2676 uon
1346 2630 1466 2677 conteret
1481 2642 1488 2677 ;
1502 2635 1526 2680 et
1537 2625 1709 2683 iiuumiumi-

931 2724 997 2781 gons
1010 2723 1061 2764 non
1073 2711 1218 2781 extinguet.

963 2800 991 2855 in
1007 2800 1117 2855 veritate
1130 2801 1226 2857 educet
1236 2799 1371 2865 iudicium.
1385 2817 1438 2857 uon
1451 2804 1501 2858 erit
1516 2805 1600 2862 tristis
1620 2822 1709 2879 uentre

929 2892 1097 2948 turbuieutus
1121 2909 1128 2946 ε
1150 2893 1237 2948 donoc
1264 2903 1345 2962 ponat
1357 2894 1383 2949 io
1398 2905 1469 2950 tortu
1482 2896 1619 2965 iudicium,
1632 2909 1661 2955 ct
1673 2900 1712 2959 lc·

128 2982 196 3039 tna.
215 2983 291 3037 danti
305 2983 361 3037 utici
375 2985 526 3053 capientium
535 2985 600 3038 ticio
611 2986 877 3056 piortcntccuu'tiotut
927 2999 989 3055 gem
1002 2986 1059 3041 eius
1073 2982 1157 3040 insule
1169 2985 1357 3054 expectabunt.

90 3090 149 3128 snm
172 3076 237 3128 cuitu
259 3086 285 3129 ιιι
298 3076 491 3146 [acerentinum
502 3076 662 3132 utututsum
678 3077 772 3132 bouum
785 3087 812 3132 ιιι
825 3094 876 3133 nott

91 3167 246 3234 confundor.

131 3258 287 3328 Priusquam
307 3273 424 3316 errarent
438 3260 541 3331 quesibi
555 3261 735 3332 sapientiam:
749 3263 834 3334 palam
851 3264 889 3319 ins

91 3349 212 3404 oratioue
227 3364 296 3406 mea.

1276 3072 1366 3128 XLVi.

1101 3179 1232 3222 ctttrtcott
1246 3178 1376 3220 ztcuttue
1391 3179 1539 3222 euoeusre.

1203 3257 1271 3311 Luce
1285 3255 1402 3324 Cupituio
1422 3260 1445 3310 i.

961 3347 1030 3403 Atia.
1057 3345 1097 3402 Tu
1120 3364 1183 3419 pater
1202 3348 1327 3418 propbeta
1340 3347 1467 3402 ditissimi
1480 3350 1609 3405 vocaberis
1621 3352 1714 3420 preibis

131 3445 200 3496 Aure
215 3451 317 3511 tempus
333 3442 498 3510 postulabam
514 3458 563 3513 pro
574 3443 646 3499 itiam
657 3440 723 3518 [iila]
738 3451 877 3516 zetusque
926 3438 993 3493 enim
1013 3449 1070 3495 cute
1095 3441 1186 3511 taciem
1201 3440 1305 3494 Domini
1316 3456 1408 3507 parare
1418 3442 1473 3495 tint
1485 3443 1540 3498 etue
1554 3445 1589 3498 cd
1600 3445 1714 3501 dandum

93 3533 121 3587 in
135 3532 287 3588 nobissimis
300 3534 430 3604 inquiram
445 3549 515 3591 earn.

131 3625 258 3681 bonumir
286 3633 409 3697 tanquam
435 3641 532 3695 procot
555 3626 627 3681 uba:
653 3626 761 3684 ietntum
776 3638 878 3684 eccur

93 3732 183 3772 meum
199 3719 278 3773 inea.

130 3813 282 3868 Ambnlnhit
293 3827 338 3882 pes
353 3826 428 3868 mouit
439 3813 490 3869 iter
503 3821 604 3868 rectum
618 3831 624 3867 :
637 3828 651 3867 ι
665 3814 803 3870 iubentute
818 3829 877 3869 ruet

94 3905 285 3972 investigabam
300 3906 381 3962 iiiam.

131 3997 256 4051 inciinabi
283 3998 387 4054 modice
410 4013 502 4053 aurem
525 4013 611 4055 meam
637 3999 875 4067 etexcepiiiiam:

97 4087 207 4142 muitnm
231 4087 318 4144 inveni
330 4088 495 4161 micimetipsi
507 4090 673 4159 sapientiam,
687 4091 797 4146 ntuittrm
812 4105 877 4161 pro·

96 4181 243 4239 ieciiuca.

134 4272 210 4326 Dartti
233 4274 293 4329 coici
319 4273 476 4345 sapientiam
500 4273 570 4329 dubo
588 4271 879 4342 gioritm‚consiliatus

95 4377 155 4416 sum
179 4364 249 4418 enim
274 4374 302 4418 nt
312 4363 426 4421 iacerem
442 4363 532 4419 iiiam:
550 4364 651 4419 zelatos
663 4378 722 4418 sum
737 4365 835 4418 bonum
848 4371 878 4418 ut

95 4471 149 4511 non
163 4455 319 4510 confundor.

130 4548 290 4605 Concuticata
312 4547 413 4623 [Forte.
439 4547 600 4620 conluctata]
624 4548 762 4605 estanima
776 4562 835 4604 ntea
852 4547 878 4602 in

94 4641 171 4697 itiam
185 4651 229 4696 :et
243 4642 269 4696 iu
282 4641 402 4698 iaciendo
411 4656 470 4696 cam
484 4641 656 4697 confirmatus
669 4654 739 4694 sum.

132 4730 225 4786 banos
238 4745 296 4786 tneo
308 4732 414 4790 extendi
427 4733 453 4788 iu
467 4733 549 4788 altum
565 4750 571 4786 :
587 4740 614 4788 et
627 4731 807 4803 insipientiam
822 4732 879 4787 eius

95 4823 164 4880 luxi.

133 4913 255 4967 Animam
275 4928 361 4970 meam
384 4912 468 4969 direti
491 4913 524 4969 ad
551 4914 624 4969 itiam
639 4931 645 4968 :
662 4922 690 4970 ct
703 4910 731 4969 in
745 4905 881 4984 agnitione

29 4988 32 4993 ¹
95 5004 271 5061 iureoieant.

135 5094 244 5151 Possedi
267 5111 327 5151 cum
347 5093 411 5166 ipsis
427 5109 473 5151 cor
487 5094 520 5150 ab
534 5095 628 5151 initio:
643 5104 752 5166 propter
765 5095 816 5154 boc
826 5111 880 5154 oon

95 5191 245 5260 relinquar.

135 5282 234 5338 Venter
245 5297 320 5337 metu
331 5281 504 5339 conturbatur
516 5290 557 5337 est
569 5279 708 5352 querendo
722 5295 802 5339 cem:
818 5297 880 5354 pro·

95 5383 189 5447 pterea
201 5372 342 5444 possidebo
357 5372 452 5427 bonam
466 5371 674 5441 possessiouem.

136 5465 213 5523 neon
242 5464 315 5520 enim
348 5463 411 5519 utici
432 5462 561 5517 bomiuus
584 5463 701 5534 tingoam
728 5463 879 5519 mercedem

96 5573 188 5616 meam
203 5574 209 5610 :
224 5567 250 5613 et
261 5556 287 5612 iu
298 5554 353 5626 ipsa
369 5552 564 5610 laudaboenm.

136 5648 353 5720 Adpropinquatc
371 5646 404 5701 od
423 5660 466 5702 me
479 5645 579 5702 indocti
596 5665 601 5700 :
616 5652 644 5703 ot
656 5655 819 5720 congregate
834 5661 883 5702 ror

98 5747 128 5802 io
144 5743 251 5810 domum
264 5741 413 5811 discipline.

928 3536 1059 3590 scientium
1072 3536 1161 3591 reiutir
1175 3535 1242 3605 plebi
1255 3537 1321 3590 eittt.

963 3626 1121 3682 Benedictus
1131 3625 1259 3680 bomiuus
1270 3625 1340 3681 Deus
1353 3623 1447 3681 Strbel
1461 3642 1468 3680 ε
1482 3628 1544 3698 utria
1556 3629 1673 3685 visitabit
1685 3639 1714 3688 et

928 3715 990 3773 iecit
1005 3716 1188 3784 redentionem
1201 3717 1270 3785 picti
1286 3731 1346 3772 sue.

964 3807 996 3861 Et
1019 3807 1106 3862 erexit
1130 3820 1211 3862 cornu
1240 3808 1332 3863 salutis
1355 3809 1456 3865 nobis:
1479 3810 1505 3864 in
1530 3811 1611 3866 domo
1627 3810 1711 3867 Dauid

927 3898 1002 3969 pueri
1013 3897 1061 3954 sui.

963 3988 1037 4044 Sicut
1058 3989 1162 4045 loeutus
1185 3997 1226 4046 est
1251 3989 1359 4059 perbos
1373 3999 1526 4046 sauctorum
1542 3993 1708 4063 profetarum

928 4097 1038 4138 suorum
1053 4099 1059 4135 :
1076 4083 1147 4153 quia
1161 4084 1250 4137 occido
1267 4093 1338 4136 sunt.

964 4174 1084 4231 Salutem
1101 4173 1134 4228 de
1149 4172 1264 4227 inimicis
1278 4173 1377 4228 nostris
1393 4189 1400 4227 ε
1415 4184 1441 4228 et
1455 4172 1489 4229 de
1500 4188 1579 4231 manu
1590 4175 1711 4231 ominium

929 4263 1169 4334 quioderuutnos.

964 4359 1005 4416 dd
1020 4358 1168 4415 taciendam
1180 4356 1390 4412 miscricordiam
1403 4359 1590 4427 compatribus
1599 4360 1712 4429 uostris,

896 4459 961 4527 pet
970 4449 1112 4507 memorari
1136 4449 1291 4505 testamenti
1312 4449 1397 4503 sancti
1421 4450 1463 4503 sui
1492 4466 1500 4503 ι
1529 4448 1713 4505 iusiurandum

934 4543 1004 4613 quod
1025 4541 1121 4596 iurabit
1132 4539 1166 4594 ad
1182 4539 1317 4596 Abrabam
1331 4549 1432 4609 patrem
1453 4555 1574 4595 nostrum
1588 4541 1713 4598 daturum

932 4654 963 4695 se
976 4638 1065 4702 uobis,
1080 4646 1108 4691 ut
1119 4636 1178 4692 siue
1192 4635 1287 4690 timore
1301 4634 1418 4690 demanu
1429 4635 1596 4690 inimicorum
1610 4646 1715 4692 nostro·

933 4744 991 4782 rum
1017 4727 1130 4791 liberati,
1152 4725 1303 4781 serviamus
1325 4724 1363 4779 iiii
1375 4725 1402 4779 in
1416 4726 1557 4781 sanctitate
1576 4737 1605 4783 et
1615 4727 1716 4784 iustitia

932 4833 1022 4874 coram
1038 4818 1096 4887 ipso
1109 4816 1233 4871 omnibus
1246 4815 1341 4873 diebus
1356 4816 1463 4887 nostris.

970 4907 1003 4963 ttt
1028 4915 1055 4963 tu
1069 4921 1135 4978 puer
1155 4907 1282 4976 propbeta
1297 4904 1426 4959 ditissimi
1437 4904 1574 4960 vocaberis
1590 4924 1596 4960 :
1611 4906 1715 4982 [ιιιιι]

934 5000 1033 5071 preibis
1058 4999 1131 5055 euim
1150 5007 1211 5052 auto
1237 4996 1333 5051 taciem
1361 4994 1465 5050 bomini
1495 5010 1639 5066 preparare
1660 5000 1716 5053 tias

933 5106 1009 5238 ‘uxi
1024 5179 1139 5236 dandam
1149 5177 1288 5233 scientium
1301 5173 1394 5231 actutu
1405 5174 1475 5246 plebi
1491 5172 1549 5230 eius
1564 5192 1570 5228 :
1583 5175 1610 5230 iu
1623 5175 1717 5231 retnis·

934 5274 1009 5330 sione
1029 5281 1212 5342 pcccatorum.

969 5366 1021 5421 Per
1043 5365 1145 5418 uiscera
1167 5358 1352 5415 misertcordie
1377 5354 1425 5411 bet
1443 5364 1526 5411 nostri
1544 5374 1550 5409 :
1571 5353 1597 5410 in
1621 5357 1718 5427 quibus

935 5459 1053 5515 visitabit
1065 5470 1114 5512 nos
1131 5457 1282 5512 hordeacea
1304 5452 1369 5510 aito.

971 5551 1132 5607 inluminare
1145 5550 1185 5605 eit
1207 5548 1252 5618 uui
1267 5548 1293 5602 in
1318 5545 1434 5604 tenebris
1449 5554 1477 5602 et
1490 5546 1516 5600 in
1539 5546 1631 5601 nntbre
1647 5564 1713 5604 mou

935 5646 969 5699 tis
996 5642 1108 5699 scdent:
1124 5641 1156 5697 ad
1181 5637 1336 5711 dirigendos
1359 5637 1440 5709 pedes
1463 5646 1568 5692 nostrus
1594 5637 1621 5694 in
1647 5642 1716 5697 vitm

937 5738 1019 5814 pacis.
