3758 6224
113 341 183 399 {275

713 325 923 389 cuuttautust
945 312 1133 388 ccitttcuu.
1677 304 1746 386 'um

255 448 299 504 illa
316 438 412 520 periise
426 447 523 519 quietis
536 461 615 517 opem

223 539 350 610 liege'ueri
366 539 580 607 toleraremus,

223 631 327 705 [cccxc]
346 631 429 688 Nocte
443 634 513 689 iures
526 632 585 689 sicel
600 640 667 687 teste
681 637 780 699 movet,

223 720 356 791 Stiptaque
370 722 484 776 claustra
500 720 578 791 lupar
594 719 690 790 aperit,

224 817 288 875 inde
304 833 351 886 per
366 817 435 872 iuria
450 817 536 885 carpit
547 816 607 871 iter.

261 906 409 977 ingreditur
423 906 534 977 pedibus
549 904 646 960 laceris

189 1053 194 1061 ,
226 1000 278 1055 Per
292 1000 348 1054 ioca
363 1007 438 1053 senta
453 998 517 1063 situ,
532 1007 560 1052 et
574 995 707 1068 vepribus,

225 1088 354 1160 ›ingilicu
367 1087 491 1143 comitata
505 1087 588 1143 cituro
602 1102 611 1143 r

228 1180 260 1236 lit
276 1179 337 1235 litet
351 1174 459 1234 liuida
473 1176 628 1242 pessilem,

228 1270 307 1328 Lucis
322 1270 402 1326 itabct
416 1278 504 1325 tamen
519 1267 563 1324 illa
576 1268 681 1323 ducem.

264 1360 308 1417 Sic
323 1359 412 1414 hibuit
428 1357 558 1432 generosa
574 1357 682 1413 Patruur

229 1448 317 1504 Turba
332 1448 537 1504 columniferum
552 1446 655 1502 ridium
671 1462 677 1498 :

229 1536 360 1595 Sciudcre
374 1539 418 1605 qtti
434 1536 576 1594 tenebrisa
591 1546 686 1606 pctcus

232 1626 315 1682 Necte
330 1627 398 1682 viam
413 1626 471 1682 iace
486 1626 626 1697 perspicui

232 1719 366 1786 Praestitit,
384 1720 533 1775 intereunte
547 1717 631 1772 Cluuii.

269 1812 326 1867 lion
342 1812 419 1867 iliter
432 1813 475 1882 pia
488 1811 569 1881 Virgo
584 1810 652 1865 tiam

234 1901 317 1956 Nocte
331 1903 434 1967 secuta,
448 1901 518 1956 diem
535 1899 641 1964 meruit,

237 1991 293 2048 Nec
307 1991 423 2047 te'uebris
438 1990 565 2059 adoperta
582 1989 644 2054 luit,

238 2084 327 2154 [tegna
341 2081 473 2153 Canipica
486 2083 548 2138 cum
563 2081 676 2151 lugeret,

237 2178 269 2232 Et
282 2191 363 2244 super
376 2184 448 2230 astra
463 2175 568 2244 pararet
582 2174 644 2229 iter.

272 2267 318 2320 llla
331 2267 415 2335 gradu
427 2265 479 2320 cita
492 2265 625 2335 pervigili,

238 2355 319 2410 llillia
335 2355 415 2410 uttrlta
431 2355 504 2424 prius
519 2355 632 2426 peragit,

238 2444 322 2513 Quium
338 2445 412 2515 plaga
429 2443 526 2514 pandat
541 2443 596 2499 litia
611 2444 698 2514 poium
715 2462 720 2498 :

239 2535 314 2591 ilani
328 2536 442 2605 superbe
457 2534 596 2590 tribuniiia
610 2534 675 2603 adit,

241 2626 369 2680 Fascibus
382 2625 470 2680 adstat
484 2632 512 2681 et
526 2626 552 2680 iu
566 2625 671 2681 utc'diis.

277 2715 430 2770 Vociferatur
445 2717 479 2770 ita
496 2731 504 2769 t
518 2715 583 2782 Quis
599 2716 672 2771 iurcr
685 2724 734 2781 est,

246 2806 361 2861 Perdere
375 2804 524 2875 precipites
537 2804 653 2871 inimas5

246 2897 277 2951 Et
293 2897 361 2953 male
376 2897 486 2967 pridiga
499 2897 579 2951 corda

245 2987 370 3044 Sternere
383 2987 508 3043 rasilibus
523 2986 655 3057 scripulis;

244 3080 480 3151 Omnipatrt'mque
495 3083 592 3151 negare
608 3080 710 3135 [terimi

277 3172 412 3240 Quaeritis,
427 3172 443 3226 ὸ
458 3171 609 3226 miseritutia
626 3187 728 3237 munus,

241 3260 426 3317 Christicolum
440 3262 543 3332 genus?
558 3262 612 3316 Eul
628 3277 677 3332 ego
692 3278 750 3318 suut

245 3350 405 3407 iioemtiuicis
419 3352 525 3406 inimica
540 3351 644 3407 sacris:
726 3420 728 3423 .

244 3440 316 3495 leitila
331 3440 438 3510 pritero
453 3441 502 3494 suls
517 3439 643 3508 pellium

244 3531 365 3594 Pictore,
380 3541 407 3585 et
419 3544 466 3586 cre
480 3531 562 3584 licum
577 3529 671 3583 litteur.

279 3620 337 3687 isis,
355 3619 461 3690 Apelle,
480 3621 569 3675 Venus
583 3619 648 3672 nillil
663 3626 713 3681 cst,

243 3711 418 3768 Maximianus
431 3721 457 3767 ct
471 3712 528 3782 ipse
542 3712 607 3767 ttilril
621 3730 628 3764 :

245 3803 290 3857 ille
306 3802 381 3868 nihil,
397 3804 458 3874 quia
474 3807 541 3859 iacta
557 3820 653 3866 mansu

247 3895 304 3959 llic,
320 3894 444 3950 utiuuum
459 3895 520 3966 quia
537 3895 603 3951 iacta
618 3897 682 3952 colit
697 3915 703 3950 :

245 3984 350 4040 Frivola
365 3985 487 4055 citraque,
502 3994 529 4041 et
543 3987 654 4057 utraque
669 3987 742 4041 niitil.

282 4076 455 4131 liaximiituus
469 4092 548 4146 opum
565 4077 703 4142 Dominus,

247 4171 281 4225 iit
294 4181 381 4226 tamen
398 4173 454 4241 ipsc
469 4172 551 4228 cliens
566 4172 693 4244 lipidum,

246 4262 397 4329 Prostittrat,
415 4264 561 4334 voveatque
575 4267 631 4321 eruis

246 4356 403 4412 Numinibus
417 4365 496 4427 caput
511 4359 569 4426 ipse
584 4374 677 4422 suum;

248 4447 359 4502 Pictura
373 4461 421 4502 cur
435 4448 564 4517 generosa
578 4449 681 4519 quatiti

283 4534 341 4590 Dur
356 4536 451 4599 burrus,
466 4535 565 4592 irbiter
579 4537 700 4608 egregius

247 4622 381 4692 Singuiue
395 4623 510 4692 piscitur
524 4627 638 4683 innocuo
655 4647 661 4682 :

248 4713 464 4783 liurpnrilttisquc
478 4713 527 4784 piis
541 4715 656 4784 initians,

251 4801 357 4858 llisccru
371 4802 461 4859 silicia
475 4803 613 4871 dilacerat,

250 4892 353 4950 Gautlct
364 4901 392 4950 et
403 4893 559 4950 excruciare
573 4894 661 4950 ilium.

284 4984 353 5054 Ergo
365 4983 414 5054 aql
428 4992 511 5040 tortor
523 4985 617 5051 adure,
633 4999 707 5051 seca,

251 5075 343 5132 liititlc
357 5076 475 5132 membra
490 5076 581 5132 coacta
597 5078 661 5132 lutc.

251 5165 361 5220 scivere
375 5179 432 5220 rein
447 5164 577 5236 frigilem.
593 5166 669 5224 sicile
682 5180 741 5233 cst;
834 5150 836 5154 ὗ

249 5255 307 5312 Νοιι
323 5255 503 5326 penetrabitur
517 5255 623 5312 intirim

250 5334 406 5416 Erupitaute
420 5345 514 5402 delire
527 5345 641 5402 inimus.

281 5436 391 5493 'lilibus
404 5436 506 5494 e'xcitus
521 5438 548 5493 in
563 5436 646 5492 iirrias

250 5530 361 5598 Praetor,
377 5530 429 5597 ait;
444 5530 517 5609 ilape
532 5530 694 5601 praeripitem

249 5621 350 5688 Lictor,
364 5632 392 5679 et
405 5622 488 5679 ‹ibruc
502 5625 578 5695 suppl
584 5624 637 5681 ‘ciis
651 5648 659 5681 z

250 5713 351 5771 Sintiat
363 5731 422 5772 csse
435 5716 500 5773 ticos
515 5717 625 5790 pierius,

918 442 943 499 Α
1060 443 1100 500 rte
1115 444 1233 498 temneat
1246 442 1377 514 Principis
1390 442 1544 514 imperium

1098 535 1183 604 Quam
1197 537 1323 607 ciperem
1339 545 1439 602 tamen,
1454 545 1517 594 aute
1530 547 1634 600 necem,

1068 627 1096 683 Si
1113 627 1183 698 potis
1195 643 1224 683 es
1239 627 1367 683 revocare
1382 635 1454 681 tuam

1067 719 1154 774 Torva
1169 717 1289 776 Puiilula
1304 717 1468 788 nequitiam!

1067 808 1191 879 Respice,
1206 809 1304 882 gattula
1318 818 1416 881 quanta
1432 817 1527 873 metas,

1068 903 1134 970 Qum
1148 901 1195 958 tibi
1211 902 1263 956 iert
1274 900 1396 958 Genialis
1411 898 1515 955 lmucrl

1086 995 1139 1050 ‘Te
1153 992 1298 1065 licitrymis
1312 990 1443 1047 labeiicta
1456 991 1554 1047 dumus

1068 1083 1250 1156 Prosequitur,
1265 1084 1425 1156 generisque
1438 1083 1477 1138 tui

1072 1174 1169 1244 ingerit
1183 1173 1263 1229 ituria
1278 1174 1404 1230 nobilitas

1073 1265 1152 1322 Flore
1164 1265 1236 1336 quiri
1250 1264 1351 1320 ticcidis
1365 1264 1392 1320 iu
1407 1264 1512 1328 mucro.

1072 1354 1196 1411 i‘rlirima
1209 1353 1328 1419 (litibus,
1344 1364 1371 1410 et
1387 1353 1515 1409 tirilamo.

1106 1445 1164 1502 lion
1177 1455 1264 1503 movet
1278 1446 1358 1502 iturea
1370 1460 1467 1516 pompa
1481 1444 1574 1502 thori?

1072 1536 1130 1592 lion
1144 1535 1229 1609 pietas
1241 1536 1393 1593 ueneranda
1407 1551 1514 1604 senum,

1073 1627 1146 1692 Ques
1162 1626 1303 1682 temeriria
1319 1626 1461 1682 debilitas!

1078 1715 1146 1772 Ecce
1159 1716 1250 1786 parata
1264 1715 1408 1773 ministe'ria

1078 1806 1117 1862 Ex
1130 1807 1317 1863 cruciabilibus
1328 1806 1425 1864 exitiis.

1110 1896 1164 1952 llut
1177 1896 1264 1967 glutto
1278 1897 1374 1956 iericrc
1386 1905 1483 1966 caput;

1079 1986 1133 2043 llut
1145 1989 1279 2046 ianiiltere
1293 1990 1413 2046 membra
1428 1987 1509 2056 ieris;

1078 2082 1130 2135 Aut
1143 2080 1245 2137 iicibus
1260 2083 1320 2136 tiata
1336 2079 1470 2146 iutuiiicis,

1079 2170 1270 2242 Fleltilite'rque
1283 2172 1406 2228 ululanda
1421 2172 1473 2228 tuis

1078 2263 1106 2318 iu
1121 2263 1226 2319 cineres
1237 2264 1353 2319 resoluta
1367 2263 1443 2319 iiues.

1113 2351 1186 2418 llaec,
1201 2367 1278 2422 coqu,
1293 2353 1353 2423 quis
1368 2353 1443 2409 labor
1456 2360 1498 2408 est
1512 2351 1626 2423 stipere?

1078 2442 1106 2498 si
1122 2441 1255 2497 medicum
1269 2442 1332 2498 salis
1344 2441 1479 2511 eminulis,

1080 2530 1180 2586 ‘lituris
1193 2537 1220 2586 ct
1232 2530 1356 2602 exiguum
1371 2532 1463 2602 digitis

1079 2621 1200 2693 Tingere
1212 2622 1293 2692 Virqu
1307 2622 1421 2693 benigna
1434 2623 1513 2691 velis,

1080 2711 1190 2768 Poeuam
1203 2727 1310 2783 gravem
1326 2714 1392 2783 proh
1406 2713 1552 2785 susciperis.

1116 2803 1258 2874 llartyrati
1270 2804 1330 2870 ista,
1345 2804 1412 2859 nlltil
1426 2822 1433 2858 r
1447 2805 1493 2860 scd
1507 2806 1579 2861 enim

1082 2895 1211 2959 infremit,
1225 2896 1305 2966 inque
1318 2897 1435 2967 Tyriuui
1448 2897 1543 2954 ‹tcutos

1081 2985 1163 3060 ¹Sputa
1173 2985 1238 3057 jacit
1252 3003 1258 3039 :
1272 2986 1434 3043 simulachra
1447 2989 1545 3044 ueltluc

1081 3075 1207 3145 Dissipat,
1223 3075 1427 3146 impositumque
1442 3079 1541 3132 molam

1083 3166 1234 3223 Tituriltulis
1248 3166 1316 3237 pede
1332 3168 1474 3236 prosilivit.

1114 3263 1169 3320 Nec
1184 3279 1268 3330 mora,
1283 3263 1428 3318 Carniilces
1441 3263 1539 3334 pimini

1084 3355 1188 3412 Lancea
1203 3355 1308 3425 pictura
1322 3354 1484 3420 diliceraut;

1084 3448 1116 3502 lit
1129 3447 1199 3502 latus
1213 3446 1311 3518 ringula
1330 3445 1482 3518 virgineum
1571 3454 1573 3461 '

1083 3540 1173 3596 Pulsut
1187 3540 1340 3609 utrimque,
1356 3547 1384 3595 et
1398 3539 1431 3595 ad
1447 3553 1509 3595 essu
1524 3549 1610 3607 secet,
1658 3593 1664 3600 .

1085 3629 1187 3684 Eultllii
1203 3629 1362 3685 uumeritute
1377 3641 1463 3685 nutas.

1117 3719 1249 3776 Scriberis
1263 3735 1326 3776 cccc
1340 3722 1415 3786 utilti,
1431 3719 1545 3777 Dimitte

1084 3813 1169 3881 Qunam
1184 3812 1248 3868 libet
1263 3815 1310 3866 ires
1323 3811 1414 3882 ipices
1430 3813 1529 3883 ligere,

1085 3904 1135 3972 Qui
1150 3912 1206 3971 itta,
1220 3903 1336 3970 Christe,
1353 3905 1470 3972 tropitae
1487 3915 1593 3972 notaui,

1085 3995 1186 4050 Numen
1201 3995 1300 4064 etipsa
1315 4009 1420 4050 sacrum
1436 3995 1555 4066 liquitur

1085 4086 1204 4155 Purpura
1220 4085 1357 4155 sinquiuis
1371 4085 1462 4142 eliciti.

1121 4176 1182 4233 iiaec
1196 4176 1254 4231 sine
1269 4176 1375 4233 fletibus
1389 4184 1417 4232 ct
1430 4176 1529 4248 gemitu

1087 4269 1157 4324 licta
1170 4268 1281 4324 canebat
1293 4277 1322 4325 ct
1335 4267 1464 4339 intrepida
1479 4272 1495 4336 :l

1089 4359 1165 4413 [licus
1179 4359 1253 4414 abest
1268 4356 1346 4413 tittlcr
1359 4372 1391 4415 ex
1406 4357 1507 4427 inimo,

1088 4449 1258 4520 llembraquc
1271 4448 1349 4505 tincta
1364 4451 1460 4506 cruere
1474 4465 1557 4515 novo.

1090 4541 1175 4596 Fonte
1189 4548 1276 4597 cutem
1293 4540 1426 4597 recalente
1442 4540 1543 4596 lavant.

1122 4633 1218 4689 Ultima
1233 4633 1385 4690 caruiilciua
1399 4633 1509 4702 dehinc,

1085 4723 1144 4781 Non
1159 4724 1285 4780 laceritio
1301 4724 1423 4780 rululilca

1086 4813 1173 4870 Gratis
1186 4830 1281 4885 gertus,
1298 4829 1348 4871 nec
1361 4814 1435 4870 arata
1450 4817 1540 4883 cutis;
1620 4825 1622 4827 ’

1088 4902 1218 4971 Flamma,
1234 4905 1281 4960 sed
1297 4904 1413 4975 indique
1429 4905 1601 4974 lampidibus

1004 5048 1007 5052 ,
1090 4995 1117 5048 lu
1133 4994 1226 5057 litters,
1241 4995 1462 5064 stomachumque
1477 4994 1551 5051 iurit.

1124 5080 1240 5154 [cccxci]
1255 5081 1342 5138 crinis
1356 5091 1385 5138 et
1397 5083 1465 5139 otior
1478 5093 1508 5141 ut
1520 5085 1547 5141 in
1561 5085 1670 5159 jugulus

1092 5175 1228 5240 Fluxerat,
1242 5173 1384 5232 inutilitatis
1400 5176 1533 5247 ltitmeris,

1047 5298 1049 5302 ν
1090 5264 1147 5332 Qui
1162 5265 1314 5334 pudibunda
1328 5265 1467 5337 pudicitia,

1090 5354 1282 5425 Virgineusque
1296 5354 1375 5411 lateat
1390 5356 1487 5427 hunos,

1087 5444 1215 5516 Tc'qmiue
1229 5442 1337 5499 verticis
1351 5443 1488 5516 oppestto.

1123 5533 1241 5590 Flamma
1255 5547 1367 5603 crepans
1379 5533 1451 5590 rolat
1462 5533 1490 5590 in
1504 5532 1614 5602 ficiem.
1732 5590 1734 5594 .

1090 5626 1191 5695 Perque
1201 5638 1292 5679 cemus
1307 5625 1438 5696 repetita,
1454 5639 1534 5697 caput

1091 5713 1217 5784 Occupat,
1232 5714 1413 5786 cruperitque
1425 5714 1529 5788 apicem
1548 5739 1555 5772 ;
