3758 6224
350 438 445 495 l'mnur
458 443 490 495 de
507 440 666 495 duodecima.

222 527 260 582 Te
274 528 340 585 lueis
355 541 416 585 ante
429 530 571 587 terminum
670 568 672 573 -

186 617 286 673 lterum
301 616 410 674 Creator
425 622 560 690 poscimus

188 709 221 764 Ut
234 708 310 763 solita
322 710 463 766 clementio

184 799 228 855 Sis
242 800 331 867 presul
345 802 378 856 ad
392 802 538 858 custodium

219 894 313 951 Procul
325 897 450 952 recedant
461 899 565 954 somnia

183 985 214 1040 Et
225 988 340 1042 noctium
353 989 509 1044 iaomsmata

183 1075 344 1146 llostemque
358 1089 479 1133 nostrum
494 1081 641 1148 comprime

181 1165 220 1223 tte
234 1168 385 1238 polluantur
399 1184 521 1240 corpora.

350 1259 446 1318 Ymnur
460 1272 519 1318 onte
538 1261 673 1335 caurplrtrt.

215 1355 287 1410 Civis
297 1356 386 1431 [cibis]
398 1358 523 1413 resumtis
532 1361 668 1430 congruis,

179 1449 249 1506 Certe
264 1453 376 1520 peractis
389 1452 498 1520 usibus,

180 1541 220 1597 Ad
233 1550 259 1597 te
268 1541 411 1598 Redemtor
424 1544 515 1601 inclite

178 1630 283 1689 Laudes
293 1633 413 1689 uenimus
425 1649 559 1703 promere.

214 1723 332 1779 occurre
342 1726 419 1779 nobis
429 1727 503 1781 ocius

157 1818 162 1829 ’
176 1814 267 1872 Tullus
279 1818 330 1872 ciui
344 1817 418 1890 [cibi]
437 1819 620 1891 gravedinem

177 1904 280 1975 Corpus
295 1907 446 1977 paramlum'
456 1910 488 1965 ad
504 1927 609 1981 precem

175 1997 354 2054 Conlessionis
364 1999 430 2054 dans
441 2000 529 2057 iidem.

212 2087 247 2144 Ut
260 2089 382 2158 quicquid
400 2105 448 2146 ore
461 2093 606 2161 promimus

175 2178 240 2235 Tuis
250 2183 334 2237 sacris
344 2182 371 2237 in
383 2183 516 2251 laudibus,

173 2266 256 2324 Nobis
269 2272 395 2326 coronarit
410 2273 552 2330 conterens

171 2359 228 2417 Soli
245 2363 299 2419 beo
310 2363 377 2419 dans
391 2365 516 2436 gloriam.

209 2453 348 2511 brusts...

360 2544 433 2601 loturi
446 2548 478 2604 de
497 2550 631 2620 completo.

206 2631 253 2688 Sol
267 2636 421 2706 angelorum
438 2641 543 2711 respice

170 2722 254 2790 Quem
268 2729 433 2798 concupiscit
443 2733 571 2788 mentium

171 2815 274 2874 lotento
287 2821 343 2875 uisu
358 2825 466 2879 castitas

170 2908 281 2965 Sursum
301 2922 452 2971 manentem
466 2929 588 2974 cernere.

204 3001 263 3068 Quo
273 3015 367 3058 cruncta
379 3006 480 3075 pollent
492 3010 589 3066 celitus

170 3092 256 3149 Cursu
270 3109 380 3151 recursu
395 3112 533 3171 prospero,

167 3185 226 3252 Quo
242 3187 294 3240 vita
305 3196 411 3242 constat
422 3190 552 3256 ouantium,

170 3275 279 3332 luteodc
293 3279 375 3348 gratis
389 3281 549 3349 supplicum.

203 3367 240 3422 ba
255 3369 367 3424 seruulis
381 3372 539 3442 custodiam,

167 3456 225 3522 Quo
237 3469 419 3526 temperentur
425 3463 576 3529 commoda,

166 3546 286 3603 Adversa
298 3549 353 3604 sint
368 3550 484 3617 innoxia,

166 3641 295 3712 Corrupto
309 3659 343 3700 ne
354 3645 408 3700 sint
422 3656 541 3715 pectora.

203 3734 351 3806 i'rugalitrs
364 3747 391 3792 tu
406 3753 532 3795 sensuum

166 3822 255 3890 Sator,
268 3826 349 3895 salus,
364 3828 483 3898 relectio,

166 3913 248 3970 Porus
262 3918 401 3988 cibusque,
415 3919 552 3990 gaudium,

165 4004 221 4061 Lm
234 4008 320 4078 adque
334 4011 418 4065 uirtus
432 4012 552 4070 cordium
566 4029 575 4070 ε

201 4098 309 4170 llcpelle
320 4103 449 4159 membris
464 4104 612 4178 lubricam„

164 4188 311 4260 Nepolluat
330 4192 475 4262 lasciuiam,

164 4280 203 4338 lie
217 4282 276 4339 leda
291 4295 369 4340 reret
384 4287 483 4356 passio,

164 4375 311 4447 Culpetque
325 4380 421 4435 mentis
436 4380 517 4436 actio.

200 4464 312 4522 Virtutis
327 4468 396 4523 inlcr
412 4469 528 4538 copiam,

162 4554 219 4622 Qua
233 4559 356 4613 conseras
369 4559 548 4629 clementiam,

164 4645 260 4702 belim
274 4657 302 4701 ut
317 4650 500 4717 peccaminum

164 4736 251 4791 bones
260 4735 342 4807 quieti
354 4746 513 4809 temporum.

200 4827 274 4883 Votis
287 4842 412 4899 rogamus
427 4829 525 4888 affatim

161 4917 282 4989 Superos
298 4934 349 4989 pas
362 4919 491 4989 inlabere,

162 5010 220 5077 Quo
229 5022 323 5067 cuncta
337 5020 393 5068 tuta
407 5013 536 5084 perpetim

161 5099 259 5156 Sernes
272 5102 388 5159 subactis
410 5104 553 5162 scandalis.

197 5193 334 5252 Gloria...

445 5287 529 5345 Alius.

196 5375 288 5432 Cultor
297 5375 345 5432 bei
356 5389 492 5436 memento

162 5468 201 5524 le
216 5468 296 5524 lontis
309 5479 335 5524 et
350 5470 446 5526 lauacri

162 5559 259 5614 lloretn
274 5560 389 5616 subiisse
403 5576 508 5617 sacrum

161 5650 198 5703 Te
211 5651 335 5706 crismate
350 5652 516 5708 innobatum.

199 5740 251 5798 Fac
264 5757 325 5800 cum
340 5754 450 5803 tocaote
462 5760 585 5803 sumnum

720 325 930 385 unettttttbtt
950 328 1137 389 cottttcutt.

920 441 946 503 A
1029 443 1135 500 Castum
1149 447 1341 516 peteoscubilc

1026 534 1151 590 Frontem
1163 535 1305 607 locumque
1319 539 1411 595 cordis

1025 625 1119 681 Crucis
1135 628 1216 696 figura
1230 629 1326 698 signet.

1059 718 1131 774 Crux
1145 720 1218 789 pellit
1231 735 1311 778 omne
1322 725 1439 792 almeo,

1024 809 1138 880 Fugiunt
1155 825 1262 867 crucem
1275 815 1395 882 tenebre,

1022 900 1100 956 Tales
1111 900 1198 957 dicata
1211 902 1287 974 signo

1022 990 1096 1046 biens
1107 989 1235 1048 fluctuare
1247 995 1341 1052 nescit.

1056 1079 1271 1152 Proculoprocul
1286 1095 1431 1157 vagantum

1022 1170 1147 1228 Portenta
1159 1175 1339 1243 somniorum,

1020 1263 1115 1317 Procul
1129 1272 1188 1319 esto
1202 1266 1325 1334 pertirac

1020 1351 1271 1424 tresugtaroresru.

1052 1442 1075 1498 0
1087 1452 1205 1500 tortuose
1219 1460 1339 1516 serpens,

1017 1529 1067 1597 Qui
1082 1531 1155 1588 mille
1170 1548 1219 1603 per
1229 1540 1383 1605 meandros,

1018 1621 1038 1676 F
1039 1609 1190 1696 nouoque
1203 1624 1337 1684 dsxuosas

1017 1712 1126 1785 Agitans
1139 1717 1230 1785 orrieta
1243 1721 1336 1776 corda.

1054 1805 1178 1875 Discede,
1192 1810 1315 1867 Christus
1325 1811 1369 1869 bic
1381 1823 1436 1883 est,

1016 1896 1064 1952 llic
1078 1897 1202 1956 cbristus
1215 1911 1266 1969 est,
1287 1903 1405 1972 liquesce
1419 1923 1425 1960 :

1017 1986 1128 2059 Signum
1148 1990 1219 2060 quod
1233 1991 1292 2063 ipse
1306 1995 1377 2049 nosti

1016 2077 1128 2135 Damnat
1139 2088 1210 2137 tuam
1221 2083 1367 2141 caterbam.

1050 2172 1153 2243 Corpus
1167 2175 1230 2231 licet
1245 2176 1379 2234 fatescens

987 2277 995 2293 =
1017 2260 1087 2319 lacet
1101 2263 1212 2320 reclinet
1226 2264 1373 2335 paululum,

1016 2353 1152 2411 Christum
1164 2366 1252 2414 tamen
1264 2358 1315 2414 sub
1327 2358 1387 2431 ipso

1015 2446 1203 2504 bladitabimur
1217 2465 1326 2519 sopore.

1052 2538 1141 2596 Gloria
1158 2541 1213 2596 Deo
1225 2541 1309 2609 Patri,

1015 2628 1048 2684 Et
1061 2628 1168 2685 Cbristo
1178 2632 1241 2688 ribo
1255 2633 1321 2704 regi,

1015 2716 1200 2791 Paraclitooue
1212 2730 1307 2777 sancto

1015 2807 1049 2863 Et
1063 2824 1135 2866 nunc
1149 2821 1176 2867 et
1189 2812 1216 2867 in
1229 2820 1363 2869 eternum.
1376 2815 1474 2871 boten.

1177 2899 1253 2956 Yooti
1264 2907 1295 2957 tle
1307 2904 1391 2974 prime
1404 2906 1505 2978 uigilia.

1049 2992 1207 3051 obsidiones
1221 2996 1312 3053 obvias

1014 3085 1142 3144 Paternus
1153 3105 1248 3146 omnes
1260 3095 1412 3152 carminum

1013 3179 1111 3234 Contra
1124 3181 1295 3237 tenebrarum
1306 3185 1414 3256 ducem,

1010 3267 1108 3325 Contra
1122 3281 1217 3327 tetrum
1231 3275 1385 3336 satellitem.
1494 3277 1497 3282 ’

1045 3360 1139 3415 blastus
1152 3377 1287 3432 perarmet
1301 3381 1375 3437 spes,
1389 3370 1467 3442 tides,

1009 3451 1127 3508 bumbos
1141 3456 1232 3513 valens
1243 3472 1308 3514 crux
1322 3460 1441 3534 obtegat,
1454 3472 1463 3489 ⁸

1007 3540 1149 3613 Cingamur
1162 3560 1228 3603 ense
1242 3549 1353 3621 spiritus

1009 3635 1123 3707 Propter
1137 3640 1248 3698 timeret
1264 3647 1394 3702 noctium.

1045 3727 1123 3784 lbesu
1138 3745 1218 3788 manu
1233 3733 1378 3793 fortissima

968 3878 970 3883 ,
1007 3813 1086 3871 Salsa
1102 3818 1192 3875 ludeles
1206 3824 1357 3894 pecudem,

1008 3905 1105 3963 Everte
1119 3909 1246 3967 aduersos
1259 3928 1368 3971 crucem

1007 3998 1036 4053 lu
1051 4013 1117 4069 pace
1129 4010 1225 4058 cuncta
1241 4015 1360 4078 protege.

1221 4095 1333 4173 [cruit]
1360 4103 1446 4163 Alius.

1042 4185 1147 4243 nusum
1164 4190 1274 4246 tenebre
1297 4193 1383 4261 prims

1005 4281 1097 4340 llortls
1110 4294 1179 4342 tetre
1190 4302 1328 4356 excursus,

1006 4374 1072 4428 Cum
1086 4377 1199 4434 canticis
1216 4388 1244 4434 et
1257 4381 1345 4451 ymnis

1004 4463 1080 4519 Nunc
1095 4465 1251 4524 dedicemur
1263 4485 1367 4529 omncs.

1038 4554 1104 4611 Nam
1117 4570 1221 4630 tempus
1235 4563 1293 4618 illut
1305 4564 1355 4621 boc
1368 4576 1421 4635 cst,

1004 4647 1080 4716 Quod
1097 4649 1244 4710 iheremias
1254 4655 1330 4724 dicit,

1003 4737 1170 4808 Surgendum
1190 4757 1250 4799 csse
1265 4746 1342 4802 nobis

1002 4828 1150 4886 Primordio
1161 4832 1187 4888 in
1201 4835 1299 4892 noctis.

1040 4921 1094 4977 llos
1108 4923 1204 4991 spiritu
1218 4940 1352 4996 perarma,

1001 5012 1098 5069 invicta
1112 5015 1186 5070 radit
1202 5017 1300 5084 Dauid3

1002 5105 1142 5176 bisrumpc
1157 5107 1241 5163 vittcla
1256 5112 1360 5181 noctis,
1426 5112 1434 5127 ’

1001 5194 1034 5249 Et
1046 5195 1080 5250 da
1091 5196 1167 5252 iubar
1178 5198 1283 5254 salutis.

1034 5284 1127 5340 Somni
1142 5287 1220 5357 quies
1231 5287 1266 5343 sit
1279 5298 1373 5360 grata,

998 5376 1071 5433 ileos
1084 5378 1191 5450 peruigil
1203 5391 1338 5453 resurgat,

998 5471 1055 5525 Non
1074 5474 1241 5531 sordidemur
1253 5488 1324 5546 actu,

998 5569 1052 5625 lieu
1065 5572 1159 5638 spiritu
1171 5574 1323 5642 grabemur.

1035 5664 1082 5720 Set
1095 5679 1207 5736 corpore
1222 5678 1249 5725 et
1260 5679 1349 5727 mente

998 5752 1099 5823 Spiritu
1113 5757 1233 5816 i'crbctrtc
