3758 6224
118 306 182 361 tolli
723 291 935 353 untttnttttttt
956 291 1142 350 Gotlltctttt.

116 419 224 482 vertisti,
241 432 294 473 non
314 415 430 482 solvere,
445 415 471 469 in
486 414 564 470 nohis
586 409 723 482 Evangelii
737 409 852 482 grotiam
866 406 947 465 dio
1035 405 1183 460 llendstum
1200 402 1296 459 iustum
1313 402 1422 475 :gsirtid

115 510 207 581 gnosio
222 506 377 577 opulentius
393 506 548 576 propagire.
569 505 714 574 daimon.

154 602 205 656 Per
218 599 441 655 misericordiam.

161 695 201 758 ri.
217 693 304 758 Nune,
319 691 444 758 Domine,
462 689 538 744 dahis
551 687 650 757 populu
664 698 711 742 too
724 699 816 754 paoem
830 682 908 754 :quia

119 786 245 843 ridorunt
266 782 339 838 dtuli
366 783 417 837 mei
435 781 555 836 solutore
581 787 666 832 tuum.
691 775 725 829 P.
751 777 851 830 Lumen
875 772 932 841 sd,

124 877 314 932 revelationem
330 872 465 929 Gentium.
488 871 526 940 i.
543 867 739 924 locanditttem
754 866 837 920 let-leti
847 877 909 918 eum

120 983 199 1023 servo
209 977 265 1031 tuo,
278 965 400 1029 Domino,
415 962 563 1019 sociandum
578 963 691 1015 teritum
706 967 792 1014 tuum.
806 954 842 1011 P.
853 955 912 1016 ho·

123 1075 193 1114 uren.
214 1059 252 1128 i.
270 1056 371 1122 Gloria,
388 1065 415 1111 et
430 1056 527 1110 honor.
544 1052 577 1109 P.
590 1053 704 1107 Lumen.

159 1148 263 1203 Orotio.
278 1147 456 1214 Omnipotens
474 1144 544 1201 Deus
570 1145 650 1199 Peter
669 1150 697 1198 et
721 1141 844 1205 Domine,
861 1139 913 1194 lar·

122 1241 180 1312 glrs
201 1238 322 1295 eredenti
348 1246 394 1293 tuo
416 1237 515 1308 populo
531 1250 644 1304 paoem:
661 1241 701 1301 ut,
724 1233 769 1303 qui
790 1230 914 1289 salense

123 1342 197 1384 tuum
230 1329 367 1395 ridirnus.
391 1328 494 1382 visione
518 1326 611 1398 gritise
634 1336 686 1381 tuae
710 1323 913 1380 muneremur:

127 1421 172 1485 Ut,
198 1421 243 1488 uui
269 1423 359 1475 lruuen
386 1420 420 1474 ad
442 1419 633 1474 revelationem
662 1415 751 1472 ostitit
776 1415 913 1482 Gontium,

123 1513 240 1568 indultor
268 1510 413 1567 eriminum
442 1511 556 1582 ipsemet
580 1507 746 1566 credentium
770 1508 913 1564 sentimur.

131 1604 169 1672 d.
186 1606 283 1659 Amen.

160 1695 222 1748 Pt't'.

423 1760 456 1815 ln
477 1760 618 1815 Ldodlous.
931 1761 955 1821 B

161 1859 202 1913 eid
239 1857 383 1912 conlisum.
415 1857 573 1924 Antiphone.
607 1855 781 1912 Laetthitntur
810 1869 913 1910 omnes.

126 1932 271 2005 coriticam.
289 1947 326 2003 ile
343 1956 421 2001 noete
441 1946 546 2018 vigilat.
565 1945 666 2002 Orotio.
694 1947 776 2014 Deus,
798 1946 845 2017 qui
869 1961 919 2001 nu-

126 2051 181 2097 tum
197 2039 293 2095 ieeisti.
310 2041 357 2110 [oi.
372 2039 418 2096 ot.

162 2130 221 2186 Alia
233 2130 380 2200 Antiphone
392 2132 424 2185 de
439 2128 557 2186 Contim.
574 2130 630 2200 Ego
644 2128 671 2185 iu
686 2128 802 2185 Domino
819 2127 919 2199 glorii-

126 2219 196 2276 hor:
213 2220 334 2290 gauoobo
347 2216 374 2273 iu
391 2219 446 2275 lieo
460 2219 524 2274 iesu
540 2235 610 2273 rnen.

386 2310 521 2366 Ctirttt'ottut
537 2309 629 2379 (anae
643 2312 674 2379 t).

163 2401 238 2457 Num
252 2400 364 2457 diutinis
378 2415 487 2457 sertum
503 2411 590 2468 tudun,
603 2400 728 2468 Domine,
742 2400 758 2435 ⁴
771 2398 918 2456 secondom

130 2493 241 2546 turluuu
254 2501 326 2544 tutrm
340 2492 367 2546 in
380 2505 444 2560 paee
457 2509 464 2543 ε

162 2584 229 2651 erla
252 2582 376 2636 viderunt
401 2581 473 2638 oculi
498 2581 551 2637 ruei
572 2579 688 2636 salustra
710 2587 796 2646 tuum,
816 2580 920 2652 *quod

129 2671 416 2744 pullulationem
434 2670 554 2726 omnium
570 2670 742 2741 populorum.

165 2764 265 2818 Lumen
289 2763 322 2817 ao
351 2761 543 2818 revelationem
565 2761 695 2834 gotthum,
716 2761 733 2796 ⁴*
752 2769 780 2817 et
806 2757 919 2832 gloriam

129 2853 214 2922 plebis
230 2864 282 2906 tuse
297 2851 390 2907 lsrael.

164 2949 206 3000 ud
226 2945 390 3000 Benedictus.
415 2943 575 3017 Antiphone.
597 2943 657 3000 Tibi
673 2943 721 2999 soii
742 2941 798 2998 Deo
823 2941 917 3007 honor,

128 3047 155 3091 ιι
182 3037 278 3108 gloria,
308 3038 402 3104 virtus,
430 3047 458 3094 et
486 3038 604 3107 potostas
626 3038 653 3094 lu
681 3038 778 3095 secula
804 3035 918 3092 saeoulo·

129 3144 200 3189 t'ttttt.
719 3154 723 3161 ’
934 3109 958 3175 c

164 3220 310 3276 Conticnm.
326 3219 497 3277 Benedictus.
513 3221 560 3290 sai.
573 3221 600 3276 ii.
623 3218 705 3275 Sane.
733 3218 854 3274 hileiitit.
874 3217 920 3273 Ju-

129 3315 200 3370 stitio
211 3323 254 3368 est
266 3315 344 3384 plena
361 3312 472 3368 dextera
486 3323 540 3368 tua.
557 3311 604 3383 soi.
623 3326 739 3368 currru.
864 3312 867 3316 ’

164 3406 266 3460 modu.
284 3405 402 3461 luuddte
417 3404 560 3460 Dominum
574 3405 607 3460 de
621 3404 704 3461 Cmiis
723 3405 831 3460 alleluia
844 3422 850 3458 :
863 3403 920 3461 iau·

128 3499 192 3553 dote
206 3509 268 3552 eum
293 3497 318 3551 in
343 3496 457 3551 excelsis
478 3496 597 3552 alleluia.
614 3496 733 3551 Lauooto
753 3510 813 3551 euru
828 3510 923 3553 omnes

130 3587 225 3656 ongeli
250 3584 332 3656 ejus:
354 3586 460 3640 tatrdtte
487 3600 547 3641 eum
574 3600 669 3642 omnes
693 3587 806 3643 tirtdtes
833 3589 921 3657 ojus:

130 3668 253 3739 hlleloim
270 3674 389 3738 alleluia,
405 3676 524 3733 alleluia.
543 3674 782 3735 Peninuscrtrtn.

168 3766 320 3839 Prophetie.
351 3767 421 3822 nudi
450 3784 509 3836 rus,
534 3769 635 3838 taceo,
658 3780 687 3826 et
707 3772 808 3840 leutii,
832 3789 922 3844 quent.

131 3861 178 3931 iol.
193 3861 237 3916 oo.
254 3860 387 3932 liparem.
412 3860 495 3919 Sacer
520 3863 669 3920 Puritdtnm
693 3866 762 3921 dies.
786 3864 879 3931 Quoere
898 3868 926 3921 iu

136 3955 252 4022 t'eepeu's
265 3955 465 4026 precedentibus.
485 3955 517 4010 Et
538 3956 715 4028 supplicatio.
739 3958 855 4014 Oromus
870 3956 925 4015 lie·

131 4046 448 4118 demptoremdopitniu.
463 4047 560 4103 Notum
575 4048 672 4103 litatum
683 4057 725 4105 est
740 4050 856 4106 salutdre
873 4051 927 4107 tti-

131 4140 208 4193 mtui.
224 4139 272 4206 fol.
288 4138 334 4192 65.
351 4137 453 4194 uude.
479 4139 664 4197 honuneiotur
688 4141 714 4197 in
738 4140 802 4197 Sion
829 4153 927 4197 nomeu

134 4228 251 4292 ltomini.
267 4240 294 4285 et
315 4231 382 4286 laus.
399 4229 556 4285 Benedictio.
581 4228 613 4284 Et
633 4232 678 4301 oui
708 4230 845 4287 Simeonis
861 4231 927 4302 juni

133 4321 267 4378 turonibus.
285 4321 414 4387 Querela
428 4321 547 4391 visperis
558 4323 769 4392 precedentibus,
782 4324 829 4394 [oi.
838 4337 928 4380 cestr.

372 4434 429 4490 orn
450 4435 469 4489 ι
490 4435 685 4493 aoonuumt.
941 4461 968 4521 D

157 4543 183 4584 tu
204 4541 288 4583 resto
307 4541 415 4582 sauctus
435 4542 547 4582 taurum
570 4543 683 4585 vtnutnts
703 4545 736 4585 ιιι
756 4544 897 4586 utnrtnts.

424 4617 463 4670 Ad
489 4616 641 4680 vesperum.

176 4707 277 4762 honde.
304 4707 428 4777 speram
455 4707 542 4763 inimo
576 4725 634 4765 mea
666 4710 693 4765 in
722 4712 848 4770 Domino.
876 4714 924 4788 [ol.

134 4814 242 4854 cuttu.

172 4888 254 4945 Sorte.
270 4887 399 4943 Dominus
420 4887 490 4943 Deus
512 4888 573 4944 eoeli
589 4887 732 4945 benedicat
754 4891 802 4947 tihi
817 4911 824 4946 ε
841 4892 928 4949 honor

136 4982 211 5052 regui
227 4981 333 5036 diluitur
343 4980 369 5034 iu
385 4995 465 5035 manu
477 4992 519 5035 tua
533 4997 540 5044 ;
559 4979 590 5037 P.
607 4981 642 5037 lit
660 4982 812 5039 adorhount
835 5001 926 5042 eoram

137 5085 163 5129 te
179 5075 225 5128 litii
243 5073 386 5128 multorum
410 5073 527 5145 gontium
543 5090 551 5130 :
567 5074 685 5130 alleluia.
713 5076 752 5146 y.
768 5078 849 5143 taut,
874 5079 928 5133 illis

137 5165 213 5229 Sion,
229 5166 289 5234 quala
302 5166 418 5220 exaltite
432 5179 472 5232 es,
488 5175 516 5220 et
530 5165 614 5221 iheies
630 5174 673 5222 tua
686 5167 770 5240 lulget
784 5168 812 5224 in
828 5170 929 5237 templo

139 5257 187 5310 net
202 5274 209 5309 :
225 5255 270 5313 Sol
293 5256 405 5326 justitie
430 5257 457 5312 in
478 5272 571 5328 gressu
598 5267 645 5314 tuo
669 5261 771 5316 oriotur
787 5259 927 5316 :alleloim

138 5343 171 5398 P.
188 5345 221 5398 Et
232 5346 394 5401 adorabunt.

174 5439 330 5508 Antiphone.
346 5438 428 5510 Virgo
440 5437 662 5509 prudentissime,
675 5440 728 5511 quo
740 5440 929 5511 progrederis?

139 5530 395 5601 terruannorum
408 5531 606 5602 pulchritudine
622 5533 678 5588 tut.
693 5532 742 5604 foi.
753 5547 855 5589 curu.

466 5621 597 5693 lignatus.

246 5710 358 5784 Adesto,
376 5714 451 5784 plebs
471 5712 611 5783 tduoms,

1032 497 1049 568 [ι
1059 494 1145 568 orsu]
1161 494 1280 549 Laudato
1294 494 1425 563 deprome
1435 493 1571 558 carontius,

1030 589 1196 658 Christoque
1210 597 1272 643 rota
1288 588 1421 642 misitne.

1068 682 1147 737 notra
1164 680 1240 748 virgo
1255 679 1370 750 Agatha,

1033 774 1136 828 Fuisset
1149 772 1219 828 olera
1234 771 1367 842 gerorius,

1033 864 1123 918 liundi
1139 861 1266 918 refellens
1282 861 1373 927 noxia,

1033 952 1136 1023 Adopta
1156 964 1197 1009 est
1211 953 1341 1010 eoeldstis.

1071 1048 1135 1103 llas
1150 1046 1269 1117 gririter
1283 1046 1421 1102 Christum
1441 1060 1548 1114 snrans,

1036 1142 1179 1211 ipsomqno
1193 1140 1279 1196 solnm
1293 1140 1452 1210 prodirent,

1036 1233 1145 1290 Ertonta
1157 1232 1235 1304 iussu
1251 1231 1387 1300 Praesidio,

1036 1327 1161 1381 hrototur
1176 1326 1201 1378 in
1218 1325 1272 1380 imo
1286 1324 1414 1380 carmus.

1074 1418 1143 1473 Smri
1159 1416 1252 1472 lurore
1268 1414 1368 1486 jodieis

1036 1509 1137 1565 Christi
1151 1506 1240 1578 puella
1260 1505 1391 1573 territum

1036 1601 1090 1656 Sed
1106 1603 1181 1670 virga
1195 1607 1287 1654 saneta
1301 1597 1392 1668 impiis

1039 1695 1135 1749 liltore
1149 1692 1238 1749 ronuit
1247 1691 1312 1748 aris.

1074 1789 1114 1843 'lu
1130 1802 1201 1843 nuno
1220 1785 1328 1842 demum
1345 1787 1444 1859 llartyr
1458 1789 1551 1844 herlus

1039 1879 1171 1934 nolueris
1183 1877 1340 1934 verhorihus
1352 1896 1359 1945 ;

1039 1968 1159 2024 Pe'etoris
1174 1967 1272 2038 papilla
1287 1968 1403 2034 tollitur,

1038 2060 1202 2127 Castomuue
1216 2073 1314 2129 eorpus
1329 2061 1463 2115 tonditur.

1076 2150 1185 2217 ilagnus
1197 2150 1243 2204 sed
1258 2148 1360 2205 Christi
1373 2149 1474 2207 sortior.

954 2241 958 2257 '
1043 2241 1190 2309 [disrumpit
1203 2240 1320 2295 claustra
1335 2242 1473 2297 eireeris:

1041 2332 1138 2387 Reddit
1153 2331 1279 2400 papillam
1294 2331 1438 2402 integram,

1040 2423 1175 2494 Cirrdtque
1188 2422 1279 2478 omnia
1291 2424 1412 2479 rtilnera.

1075 2517 1120 2571 Sis
1133 2517 1173 2570 sie
1188 2516 1275 2583 puella
1291 2515 1412 2572 shnetior

1042 2608 1129 2663 'larua
1142 2608 1238 2679 adopta
1251 2609 1371 2677 praemio,

1039 2697 1115 2753 Genu
1130 2698 1233 2755 orontio
1247 2698 1373 2767 domitur,

1043 2789 1176 2859 funditque
1189 2791 1259 2847 eoelo
1271 2791 1406 2861 spiritam.

1078 2881 1136 2935 llos
1152 2895 1267 2950 namque
1281 2881 1371 2937 clarus
1382 2882 1490 2955 juvenis

1041 2969 1178 3026 'labellum
1190 2974 1317 3041 scriptam
1330 2971 1464 3042 doleretis,

1042 3059 1129 3115 olente
1141 3061 1216 3116 sacro
1229 3061 1410 3134 pronuncians

1045 3150 1233 3208 llolousionetn
1250 3153 1356 3212 Patriae.

1079 3241 1156 3306 Nem,
1172 3245 1272 3298 montis
1286 3243 1394 3300 AEthnse
1415 3246 1571 3303 inee'udiurn

1042 3331 1128 3389 Cursu
1143 3333 1206 3390 dum
1222 3334 1394 3406 rspidissimo

1044 3426 1084 3481 lut
1105 3428 1199 3481 urbem
1215 3442 1328 3496 pronum
1343 3428 1471 3492 flectitur,

1044 3515 1134 3573 cieret
1148 3517 1245 3587 puella·
1259 3519 1394 3576 moritum.

1080 3611 1155 3668 'l'uue
1168 3611 1185 3667 o
1199 3614 1345 3682 sepulchro
1359 3615 1485 3686 llirtyris

1047 3699 1126 3755 Plebs
1141 3716 1247 3757 saemm
1260 3704 1346 3758 velum
1361 3704 1496 3772 dolerrrut,

1048 3791 1130 3860 Culus
1144 3791 1186 3862 pia
1203 3793 1346 3863 praesentio

1047 3883 1406 3955 Extinguitmoxineonoia‚

1081 3975 1140 4032 darn
1154 3974 1236 4045 Virgo
1251 3991 1321 4031 nuno
1333 3976 1501 4034 sanctissima

1050 4065 1125 4120 Plebi
1139 4065 1207 4122 oleti
1223 4065 1335 4136 proroga

1050 4156 1224 4214 Pereatomm
1243 4158 1447 4230 indulgentiam.

1051 4250 1128 4304 Pacis
1141 4248 1277 4305 reooonoo
1289 4251 1428 4307 commoda
1441 4270 1447 4306 :

1085 4342 1150 4410 Qun·
1163 4342 1227 4397 ol'uu
1242 4342 1366 4399 rontium
1380 4352 1439 4400 tuos

1052 4435 1146 4505 llagno
1159 4435 1193 4488 eh
1207 4435 1269 4504 igne
1283 4432 1366 4498 eruis,

1050 4526 1090 4579 Tu
1104 4525 1187 4581 redde
1200 4539 1249 4579 nos
1262 4525 1316 4594 jam
1330 4524 1430 4581 liberos

1050 4616 1118 4686 iugo
1131 4615 1237 4673 remoto
1251 4617 1379 4688 pessimo.

1085 4707 1255 4773 strennuis,
1272 4708 1308 4762 sit
1328 4707 1450 4764 iidolibus

1051 4797 1137 4852 Locus
1151 4798 1240 4868 quiote
1258 4798 1398 4866 plocious:

1048 4891 1169 4945 Tutolam
1187 4900 1282 4960 praesta
1303 4891 1444 4960 orphanis,

1051 4980 1262 5051 Subsioitimque
1281 4978 1380 5038 viduis.

1086 5075 1289 5143 etesiarum
1303 5077 1432 5147 piissime,

1052 5168 1176 5238 Patrique
1190 5182 1301 5239 compar
1316 5169 1411 5235 Unice,

1050 5260 1116 5315 Cum
1132 5259 1236 5330 Spiritu
1252 5259 1386 5315 Parhclito

1051 5352 1176 5423 lleguans
1192 5366 1239 5421 per
1257 5366 1338 5407 omne
1352 5354 1490 5409 saeuiunt.

1087 5447 1184 5499 huten.

1016 5536 1191 5604 Srrppiieon'a.
1236 5536 1373 5604 oremus,
1414 5539 1514 5592 mutoto
1551 5539 1668 5599 nomene.
1704 5541 1734 5611 {tl

980 5642 1130 5686 C'hufflll.

1018 5714 1148 5790 ίιιριιιιιι.
1175 5716 1245 5775 oeus
1268 5715 1390 5775 conlator
1413 5717 1534 5790 justitia,
1556 5729 1585 5778 et
1604 5725 1734 5780 oastluon
