<?xml version="1.0" encoding="UTF-8"?>
<!DOCTYPE html PUBLIC "-//W3C//DTD XHTML 1.0 Transitional//EN"
    "http://www.w3.org/TR/xhtml1/DTD/xhtml1-transitional.dtd">
<html xmlns="http://www.w3.org/1999/xhtml" xml:lang="en" lang="en">
 <head>
  <title>
</title>
<meta http-equiv="Content-Type" content="text/html;charset=utf-8" />
  <meta name='ocr-system' content='tesseract 3.04.00' />
  <meta name='ocr-capabilities' content='ocr_page ocr_carea ocr_par ocr_line ocrx_word'/>
</head>
<body>
  <div class='ocr_page' id='page_1' title='image "./liturgiamozarab00churgoog/liturgiamozarab00churgoog_0406.png"; bbox 0 0 3758 6224; ppageno 0'>
   <div class='ocr_carea' id='block_1_1' title="bbox 39 286 97 343">
    <p class='ocr_par' dir='ltr' id='par_1_1' title="bbox 39 286 97 343">
     <span class='ocr_line' id='line_1_1' title="bbox 39 286 97 343; baseline 0.052 -3"><span class='ocrx_word' id='word_1_1' title='bbox 39 286 97 343; x_wconf 66' lang='lat' dir='ltr'>iiis!</span> 
     </span>
    </p>
   </div>
   <div class='ocr_carea' id='block_1_2' title="bbox 744 280 974 336">
    <p class='ocr_par' dir='ltr' id='par_1_2' title="bbox 744 280 974 336">
     <span class='ocr_line' id='line_1_2' title="bbox 744 280 974 336; baseline 0 0"><span class='ocrx_word' id='word_1_2' title='bbox 744 280 974 336; x_wconf 75' lang='lat' dir='ltr'>Pstmnttttltt.</span> 
     </span>
    </p>
   </div>
   <div class='ocr_carea' id='block_1_3' title="bbox 1628 290 1681 344">
    <p class='ocr_par' dir='ltr' id='par_1_3' title="bbox 1628 290 1681 344">
     <span class='ocr_line' id='line_1_3' title="bbox 1628 290 1681 344; baseline 0 0"><span class='ocrx_word' id='word_1_3' title='bbox 1628 290 1681 344; x_wconf 73' lang='lat' dir='ltr'>tlt</span> 
     </span>
    </p>
   </div>
   <div class='ocr_carea' id='block_1_4' title="bbox 77 388 1681 470">
    <p class='ocr_par' dir='ltr' id='par_1_4' title="bbox 77 388 1681 470">
     <span class='ocr_line' id='line_1_4' title="bbox 77 388 1681 470; baseline 0 -15"><span class='ocrx_word' id='word_1_4' title='bbox 77 401 186 470; x_wconf 74' lang='lat' dir='ltr'>Exurge</span> <span class='ocrx_word' id='word_1_5' title='bbox 201 415 207 449; x_wconf 81' lang='grc' dir='ltr'>ι</span> <span class='ocrx_word' id='word_1_6' title='bbox 221 408 304 465; x_wconf 75' lang='lat' dir='ltr'>nutare</span> <span class='ocrx_word' id='word_1_7' title='bbox 324 391 470 460; x_wconf 75' lang='lat' dir='ltr'>obdormis,</span> <span class='ocrx_word' id='word_1_8' title='bbox 492 390 624 447; x_wconf 84' lang='lat' dir='ltr'>Dominel</span> <span class='ocrx_word' id='word_1_9' title='bbox 651 393 789 460; x_wconf 60' lang='lat' dir='ltr'>*exninge</span> <span class='ocrx_word' id='word_1_10' title='bbox 811 397 838 446; x_wconf 90' lang='grc' dir='ltr'>ιι</span> <span class='ocrx_word' id='word_1_11' title='bbox 853 391 877 446; x_wconf 90' lang='lat' dir='ltr'>tt</span> <span class='ocrx_word' id='word_1_12' title='bbox 926 391 1008 459; x_wconf 89' lang='lat' dir='ltr'>Deus,</span> <span class='ocrx_word' id='word_1_13' title='bbox 1032 397 1152 446; x_wconf 82' lang='lat' dir='ltr'>nostrum</span> <span class='ocrx_word' id='word_1_14' title='bbox 1164 388 1297 460; x_wconf 72' lang='lat' dir='ltr'>reiupium</span> <span class='ocrx_word' id='word_1_15' title='bbox 1312 397 1339 445; x_wconf 89' lang='lat' dir='ltr'>et</span> <span class='ocrx_word' id='word_1_16' title='bbox 1357 391 1580 451; x_wconf 61' lang='lat' dir='ltr'>sir-tusiadiutor</span> <span class='ocrx_word' id='word_1_17' title='bbox 1594 397 1620 453; x_wconf 91' lang='lat' dir='ltr'>in</span> <span class='ocrx_word' id='word_1_18' title='bbox 1633 407 1681 455; x_wconf 87' lang='lat' dir='ltr'>tri·</span> 
     </span>
    </p>
   </div>
   <div class='ocr_carea' id='block_1_5' title="bbox 40 485 839 1013">
    <p class='ocr_par' dir='ltr' id='par_1_5' title="bbox 40 485 421 559">
     <span class='ocr_line' id='line_1_5' title="bbox 40 485 421 559; baseline -0.024 -11"><span class='ocrx_word' id='word_1_19' title='bbox 40 507 77 548; x_wconf 87' lang='lat' dir='ltr'>ne</span> <span class='ocrx_word' id='word_1_20' title='bbox 93 491 210 559; x_wconf 73' lang='lat' dir='ltr'>repellas</span> <span class='ocrx_word' id='word_1_21' title='bbox 226 502 275 542; x_wconf 93' lang='lat' dir='ltr'>uos</span> <span class='ocrx_word' id='word_1_22' title='bbox 289 488 314 540; x_wconf 93' lang='lat' dir='ltr'>in</span> <span class='ocrx_word' id='word_1_23' title='bbox 330 485 421 540; x_wconf 84' lang='lat' dir='ltr'>iinem.</span> 
     </span>
    </p>

    <p class='ocr_par' dir='ltr' id='par_1_6' title="bbox 43 575 839 740">
     <span class='ocr_line' id='line_1_6' title="bbox 79 575 839 651; baseline -0.008 -15"><span class='ocrx_word' id='word_1_24' title='bbox 79 585 170 651; x_wconf 78' lang='lat' dir='ltr'>Quare</span> <span class='ocrx_word' id='word_1_25' title='bbox 190 580 283 635; x_wconf 85' lang='lat' dir='ltr'>iacicm</span> <span class='ocrx_word' id='word_1_26' title='bbox 308 588 381 633; x_wconf 89' lang='lat' dir='ltr'>tnanr</span> <span class='ocrx_word' id='word_1_27' title='bbox 408 576 507 631; x_wconf 79' lang='lat' dir='ltr'>anci-tis</span> <span class='ocrx_word' id='word_1_28' title='bbox 520 577 536 611; x_wconf 73' lang='lat' dir='ltr'>s</span> <span class='ocrx_word' id='word_1_29' title='bbox 550 575 717 630; x_wconf 81' lang='lat' dir='ltr'>oblivisceris</span> <span class='ocrx_word' id='word_1_30' title='bbox 742 575 839 644; x_wconf 78' lang='lat' dir='ltr'>irtrrpiae</span> 
     </span>
     <span class='ocr_line' id='line_1_7' title="bbox 43 669 520 740; baseline -0.019 -11"><span class='ocrx_word' id='word_1_31' title='bbox 43 682 158 740; x_wconf 77' lang='lat' dir='ltr'>nostras,</span> <span class='ocrx_word' id='word_1_32' title='bbox 173 680 200 726; x_wconf 92' lang='lat' dir='ltr'>et</span> <span class='ocrx_word' id='word_1_33' title='bbox 215 669 394 726; x_wconf 72' lang='lat' dir='ltr'>tribulationis</span> <span class='ocrx_word' id='word_1_34' title='bbox 409 675 520 723; x_wconf 71' lang='lat' dir='ltr'>nostrae.</span> 
     </span>
    </p>

    <p class='ocr_par' dir='ltr' id='par_1_7' title="bbox 44 757 839 911">
     <span class='ocr_line' id='line_1_8' title="bbox 80 757 839 831; baseline -0.011 -13"><span class='ocrx_word' id='word_1_35' title='bbox 80 764 214 831; x_wconf 80' lang='lat' dir='ltr'>Quoniam</span> <span class='ocrx_word' id='word_1_36' title='bbox 229 761 366 816; x_wconf 89' lang='lat' dir='ltr'>bumiliatu</span> <span class='ocrx_word' id='word_1_37' title='bbox 380 766 421 814; x_wconf 80' lang='lat' dir='ltr'>est</span> <span class='ocrx_word' id='word_1_38' title='bbox 436 760 461 812; x_wconf 91' lang='lat' dir='ltr'>iu</span> <span class='ocrx_word' id='word_1_39' title='bbox 477 759 585 825; x_wconf 85' lang='lat' dir='ltr'>pulnere</span> <span class='ocrx_word' id='word_1_40' title='bbox 606 757 694 812; x_wconf 85' lang='lat' dir='ltr'>anima</span> <span class='ocrx_word' id='word_1_41' title='bbox 719 757 839 811; x_wconf 73' lang='lat' dir='ltr'>nostra*</span> 
     </span>
     <span class='ocr_line' id='line_1_9' title="bbox 44 852 513 911; baseline -0.021 0"><span class='ocrx_word' id='word_1_42' title='bbox 44 863 73 911; x_wconf 73' lang='lat' dir='ltr'>ct</span> <span class='ocrx_word' id='word_1_43' title='bbox 86 852 166 909; x_wconf 73' lang='lat' dir='ltr'>haesit</span> <span class='ocrx_word' id='word_1_44' title='bbox 181 852 207 907; x_wconf 89' lang='lat' dir='ltr'>io</span> <span class='ocrx_word' id='word_1_45' title='bbox 223 860 293 905; x_wconf 87' lang='lat' dir='ltr'>terra</span> <span class='ocrx_word' id='word_1_46' title='bbox 304 860 397 903; x_wconf 77' lang='lat' dir='ltr'>aeriter</span> <span class='ocrx_word' id='word_1_47' title='bbox 411 859 513 902; x_wconf 84' lang='lat' dir='ltr'>noster.</span> 
     </span>
    </p>

    <p class='ocr_par' dir='ltr' id='par_1_8' title="bbox 83 938 839 1013">
     <span class='ocr_line' id='line_1_10' title="bbox 83 938 839 1013; baseline -0.009 -14"><span class='ocrx_word' id='word_1_48' title='bbox 83 945 202 1013; x_wconf 74' lang='lat' dir='ltr'>Exurge,</span> <span class='ocrx_word' id='word_1_49' title='bbox 219 942 340 1006; x_wconf 82' lang='lat' dir='ltr'>Domine,</span> <span class='ocrx_word' id='word_1_50' title='bbox 356 941 451 994; x_wconf 83' lang='lat' dir='ltr'>adiuta</span> <span class='ocrx_word' id='word_1_51' title='bbox 472 954 521 994; x_wconf 88' lang='lat' dir='ltr'>nos</span> <span class='ocrx_word' id='word_1_52' title='bbox 534 939 550 974; x_wconf 65' lang='lat' dir='ltr'>i</span> <span class='ocrx_word' id='word_1_53' title='bbox 564 947 590 992; x_wconf 92' lang='lat' dir='ltr'>et</span> <span class='ocrx_word' id='word_1_54' title='bbox 609 938 692 994; x_wconf 82' lang='lat' dir='ltr'>libera</span> <span class='ocrx_word' id='word_1_55' title='bbox 708 954 757 994; x_wconf 90' lang='lat' dir='ltr'>uns</span> <span class='ocrx_word' id='word_1_56' title='bbox 777 953 839 1008; x_wconf 92' lang='lat' dir='ltr'>pro-</span> 
     </span>
    </p>
   </div>
   <div class='ocr_carea' id='block_1_6' title="bbox 50 1041 492 1177">
    <p class='ocr_par' dir='ltr' id='par_1_9' title="bbox 50 1041 492 1177">
     <span class='ocr_line' id='line_1_11' title="bbox 50 1041 312 1106; baseline -0.019 -16"><span class='ocrx_word' id='word_1_57' title='bbox 50 1041 110 1106; x_wconf 80' lang='lat' dir='ltr'>pter</span> <span class='ocrx_word' id='word_1_58' title='bbox 118 1048 215 1089; x_wconf 89' lang='lat' dir='ltr'>nomen</span> <span class='ocrx_word' id='word_1_59' title='bbox 226 1042 312 1087; x_wconf 87' lang='lat' dir='ltr'>tuum.</span> 
     </span>
     <span class='ocr_line' id='line_1_12' title="bbox 402 1121 492 1177; baseline 0.011 -1"><span class='ocrx_word' id='word_1_60' title='bbox 402 1121 492 1177; x_wconf 86' lang='lat' dir='ltr'>XLlV.</span> 
     </span>
    </p>
   </div>
   <div class='ocr_carea' id='block_1_7' title="bbox 47 1236 842 1750">
    <p class='ocr_par' dir='ltr' id='par_1_10' title="bbox 47 1236 842 1750">
     <span class='ocr_line' id='line_1_13' title="bbox 49 1236 842 1308; baseline -0.005 -12"><span class='ocrx_word' id='word_1_61' title='bbox 49 1238 78 1296; x_wconf 87' lang='lat' dir='ltr'>itt</span> <span class='ocrx_word' id='word_1_62' title='bbox 103 1238 185 1295; x_wconf 85' lang='lat' dir='ltr'>linem</span> <span class='ocrx_word' id='word_1_63' title='bbox 201 1253 248 1308; x_wconf 90' lang='lat' dir='ltr'>pro</span> <span class='ocrx_word' id='word_1_64' title='bbox 270 1237 311 1291; x_wconf 87' lang='lat' dir='ltr'>iris</span> <span class='ocrx_word' id='word_1_65' title='bbox 332 1238 375 1307; x_wconf 81' lang='lat' dir='ltr'>qtri</span> <span class='ocrx_word' id='word_1_66' title='bbox 403 1237 664 1290; x_wconf 86' lang='lat' dir='ltr'>incommutabnntnr</span> <span class='ocrx_word' id='word_1_67' title='bbox 689 1236 749 1290; x_wconf 80' lang='lat' dir='ltr'>siliis</span> <span class='ocrx_word' id='word_1_68' title='bbox 772 1237 842 1292; x_wconf 74' lang='lat' dir='ltr'>llore</span> 
     </span>
     <span class='ocr_line' id='line_1_14' title="bbox 228 1303 677 1375; baseline -0.004 -13"><span class='ocrx_word' id='word_1_69' title='bbox 228 1309 377 1362; x_wconf 82' lang='lat' dir='ltr'>irtleiiedbts</span> <span class='ocrx_word' id='word_1_70' title='bbox 388 1307 496 1363; x_wconf 70' lang='lat' dir='ltr'>Catulino</span> <span class='ocrx_word' id='word_1_71' title='bbox 512 1324 560 1375; x_wconf 84' lang='lat' dir='ltr'>pru</span> <span class='ocrx_word' id='word_1_72' title='bbox 570 1303 677 1363; x_wconf 78' lang='lat' dir='ltr'>dileclo.</span> 
     </span>
     <span class='ocr_line' id='line_1_15' title="bbox 86 1398 841 1476; baseline -0.011 -18"><span class='ocrx_word' id='word_1_73' title='bbox 86 1401 159 1476; x_wconf 83' lang='grc' dir='ltr'><strong>[ιιι]</strong></span> <span class='ocrx_word' id='word_1_74' title='bbox 174 1400 242 1457; x_wconf 76' lang='lat' dir='ltr'>Afra.</span> <span class='ocrx_word' id='word_1_75' title='bbox 255 1400 411 1454; x_wconf 79' lang='lat' dir='ltr'>Eructualrit</span> <span class='ocrx_word' id='word_1_76' title='bbox 430 1414 579 1454; x_wconf 83' lang='lat' dir='ltr'>cornicum</span> <span class='ocrx_word' id='word_1_77' title='bbox 594 1401 704 1455; x_wconf 81' lang='lat' dir='ltr'>verbum</span> <span class='ocrx_word' id='word_1_78' title='bbox 719 1398 817 1453; x_wconf 89' lang='lat' dir='ltr'>bonum</span> <span class='ocrx_word' id='word_1_79' title='bbox 834 1415 841 1450; x_wconf 91' lang='lat'>:</span> 
     </span>
     <span class='ocr_line' id='line_1_16' title="bbox 47 1493 434 1565; baseline -0.013 -15"><span class='ocrx_word' id='word_1_80' title='bbox 47 1496 133 1551; x_wconf 69' lang='lat' dir='ltr'>*dieo</span> <span class='ocrx_word' id='word_1_81' title='bbox 144 1510 194 1565; x_wconf 72' lang='lat' dir='ltr'>ego</span> <span class='ocrx_word' id='word_1_82' title='bbox 206 1509 284 1562; x_wconf 85' lang='lat' dir='ltr'>opera</span> <span class='ocrx_word' id='word_1_83' title='bbox 298 1507 357 1546; x_wconf 88' lang='lat' dir='ltr'>ntea</span> <span class='ocrx_word' id='word_1_84' title='bbox 369 1493 434 1561; x_wconf 74' lang='lat' dir='ltr'>regi.</span> 
     </span>
     <span class='ocr_line' id='line_1_17' title="bbox 86 1581 841 1659; baseline -0.011 -15"><span class='ocrx_word' id='word_1_85' title='bbox 86 1589 189 1659; x_wconf 74' lang='lat' dir='ltr'>Lingua</span> <span class='ocrx_word' id='word_1_86' title='bbox 203 1603 262 1642; x_wconf 87' lang='lat' dir='ltr'>mea</span> <span class='ocrx_word' id='word_1_87' title='bbox 276 1587 396 1642; x_wconf 87' lang='lat' dir='ltr'>calamus</span> <span class='ocrx_word' id='word_1_88' title='bbox 414 1586 534 1640; x_wconf 71' lang='lat' dir='ltr'>scribae*</span> <span class='ocrx_word' id='word_1_89' title='bbox 548 1585 677 1641; x_wconf 81' lang='lat' dir='ltr'>velociter</span> <span class='ocrx_word' id='word_1_90' title='bbox 690 1581 841 1640; x_wconf 73' lang='lat' dir='ltr'>scribentis,</span> 
     </span>
     <span class='ocr_line' id='line_1_18' title="bbox 87 1678 660 1750; baseline -0.012 -13"><span class='ocrx_word' id='word_1_91' title='bbox 87 1682 233 1750; x_wconf 86' lang='lat' dir='ltr'>Speciosns</span> <span class='ocrx_word' id='word_1_92' title='bbox 244 1680 353 1733; x_wconf 73' lang='lat' dir='ltr'>lutura*</span> <span class='ocrx_word' id='word_1_93' title='bbox 368 1692 422 1746; x_wconf 72' lang='lat' dir='ltr'>pree</span> <span class='ocrx_word' id='word_1_94' title='bbox 438 1678 498 1731; x_wconf 87' lang='lat' dir='ltr'>liliis</span> <span class='ocrx_word' id='word_1_95' title='bbox 513 1678 660 1732; x_wconf 82' lang='lat' dir='ltr'>ltontinunr.</span> 
     </span>
    </p>
   </div>
   <div class='ocr_carea' id='block_1_8' title="bbox 88 1744 879 1840">
    <p class='ocr_par' dir='ltr' id='par_1_11' title="bbox 88 1744 879 1840">
     <span class='ocr_line' id='line_1_19' title="bbox 88 1744 879 1840; baseline -0.008 -15"><span class='ocrx_word' id='word_1_96' title='bbox 88 1770 189 1826; x_wconf 75' lang='lat' dir='ltr'>Diffusa</span> <span class='ocrx_word' id='word_1_97' title='bbox 215 1781 255 1826; x_wconf 85' lang='lat' dir='ltr'>est</span> <span class='ocrx_word' id='word_1_98' title='bbox 271 1771 354 1840; x_wconf 76' lang='lat' dir='ltr'>grania</span> <span class='ocrx_word' id='word_1_99' title='bbox 378 1770 403 1823; x_wconf 90' lang='lat' dir='ltr'>in</span> <span class='ocrx_word' id='word_1_100' title='bbox 419 1768 495 1823; x_wconf 88' lang='lat' dir='ltr'>lobiis</span> <span class='ocrx_word' id='word_1_101' title='bbox 510 1771 582 1823; x_wconf 87' lang='lat' dir='ltr'>tuis:</span> <span class='ocrx_word' id='word_1_102' title='bbox 598 1777 739 1838; x_wconf 87' lang='lat' dir='ltr'>propterea</span> <span class='ocrx_word' id='word_1_103' title='bbox 761 1767 839 1822; x_wconf 84' lang='lat' dir='ltr'>irene·</span> <span class='ocrx_word' id='word_1_104' title='bbox 856 1744 879 1804; x_wconf 69' lang='grc' dir='ltr'><strong>Β</strong></span> 
     </span>
    </p>
   </div>
   <div class='ocr_carea' id='block_1_9' title="bbox 47 1861 848 3121">
    <p class='ocr_par' dir='ltr' id='par_1_12' title="bbox 47 1861 842 2022">
     <span class='ocr_line' id='line_1_20' title="bbox 49 1861 842 1932; baseline 0 -15"><span class='ocrx_word' id='word_1_105' title='bbox 49 1863 121 1919; x_wconf 82' lang='lat' dir='ltr'>dixit</span> <span class='ocrx_word' id='word_1_106' title='bbox 132 1873 158 1918; x_wconf 93' lang='lat' dir='ltr'>te</span> <span class='ocrx_word' id='word_1_107' title='bbox 170 1864 239 1917; x_wconf 89' lang='lat' dir='ltr'>Deus</span> <span class='ocrx_word' id='word_1_108' title='bbox 250 1866 275 1916; x_wconf 92' lang='lat' dir='ltr'>in</span> <span class='ocrx_word' id='word_1_109' title='bbox 288 1874 417 1916; x_wconf 71' lang='lat' dir='ltr'>aeternum</span> <span class='ocrx_word' id='word_1_110' title='bbox 429 1862 444 1895; x_wconf 73' lang='lat'>*</span> <span class='ocrx_word' id='word_1_111' title='bbox 456 1862 596 1931; x_wconf 73' lang='lat' dir='ltr'>accingere</span> <span class='ocrx_word' id='word_1_112' title='bbox 612 1862 700 1932; x_wconf 77' lang='lat' dir='ltr'>gladio</span> <span class='ocrx_word' id='word_1_113' title='bbox 715 1869 761 1916; x_wconf 90' lang='lat' dir='ltr'>tuo</span> <span class='ocrx_word' id='word_1_114' title='bbox 772 1861 842 1917; x_wconf 86' lang='lat' dir='ltr'>cirea</span> 
     </span>
     <span class='ocr_line' id='line_1_21' title="bbox 47 1953 362 2022; baseline -0.006 -13"><span class='ocrx_word' id='word_1_115' title='bbox 47 1953 153 2018; x_wconf 77' lang='lat' dir='ltr'>dentur,</span> <span class='ocrx_word' id='word_1_116' title='bbox 168 1954 362 2022; x_wconf 84' lang='lat' dir='ltr'>potentissime.</span> 
     </span>
    </p>

    <p class='ocr_par' dir='ltr' id='par_1_13' title="bbox 49 2042 845 2205">
     <span class='ocr_line' id='line_1_22' title="bbox 86 2042 845 2114; baseline 0 -16"><span class='ocrx_word' id='word_1_117' title='bbox 86 2043 222 2112; x_wconf 84' lang='lat' dir='ltr'>Speciem,</span> <span class='ocrx_word' id='word_1_118' title='bbox 237 2052 264 2098; x_wconf 89' lang='lat' dir='ltr'>et</span> <span class='ocrx_word' id='word_1_119' title='bbox 288 2042 509 2112; x_wconf 80' lang='lat' dir='ltr'>pulchritudinem</span> <span class='ocrx_word' id='word_1_120' title='bbox 523 2053 595 2098; x_wconf 89' lang='lat' dir='ltr'>tuam</span> <span class='ocrx_word' id='word_1_121' title='bbox 617 2044 752 2098; x_wconf 75' lang='lat' dir='ltr'>intende*</span> <span class='ocrx_word' id='word_1_122' title='bbox 768 2057 845 2114; x_wconf 86' lang='lat' dir='ltr'>pros-</span> 
     </span>
     <span class='ocr_line' id='line_1_23' title="bbox 49 2135 401 2205; baseline 0.003 -17"><span class='ocrx_word' id='word_1_123' title='bbox 49 2148 117 2205; x_wconf 86' lang='lat' dir='ltr'>pcre</span> <span class='ocrx_word' id='word_1_124' title='bbox 132 2135 258 2203; x_wconf 80' lang='lat' dir='ltr'>procede,</span> <span class='ocrx_word' id='word_1_125' title='bbox 270 2148 296 2190; x_wconf 89' lang='lat' dir='ltr'>ot</span> <span class='ocrx_word' id='word_1_126' title='bbox 311 2150 401 2204; x_wconf 79' lang='lat' dir='ltr'>regna.</span> 
     </span>
    </p>

    <p class='ocr_par' dir='ltr' id='par_1_14' title="bbox 50 2227 845 2377">
     <span class='ocr_line' id='line_1_24' title="bbox 89 2227 845 2300; baseline -0.003 -16"><span class='ocrx_word' id='word_1_127' title='bbox 89 2229 204 2300; x_wconf 85' lang='lat' dir='ltr'>Propter</span> <span class='ocrx_word' id='word_1_128' title='bbox 211 2231 361 2291; x_wconf 84' lang='lat' dir='ltr'>veritatem,</span> <span class='ocrx_word' id='word_1_129' title='bbox 370 2238 396 2283; x_wconf 87' lang='lat' dir='ltr'>et</span> <span class='ocrx_word' id='word_1_130' title='bbox 403 2228 645 2294; x_wconf 87' lang='lat' dir='ltr'>mansuetudinem,</span> <span class='ocrx_word' id='word_1_131' title='bbox 658 2239 686 2284; x_wconf 87' lang='lat' dir='ltr'>et</span> <span class='ocrx_word' id='word_1_132' title='bbox 697 2227 845 2283; x_wconf 74' lang='lat' dir='ltr'>iustitiam*</span> 
     </span>
     <span class='ocr_line' id='line_1_25' title="bbox 50 2322 614 2377; baseline 0 -1"><span class='ocrx_word' id='word_1_133' title='bbox 50 2331 83 2376; x_wconf 77' lang='lat' dir='ltr'>et</span> <span class='ocrx_word' id='word_1_134' title='bbox 94 2322 210 2377; x_wconf 85' lang='lat' dir='ltr'>deducet</span> <span class='ocrx_word' id='word_1_135' title='bbox 222 2330 248 2377; x_wconf 88' lang='lat' dir='ltr'>te</span> <span class='ocrx_word' id='word_1_136' title='bbox 262 2322 419 2377; x_wconf 88' lang='lat' dir='ltr'>mirabiliter</span> <span class='ocrx_word' id='word_1_137' title='bbox 433 2323 541 2376; x_wconf 78' lang='lat' dir='ltr'>‹lentcra</span> <span class='ocrx_word' id='word_1_138' title='bbox 558 2332 614 2376; x_wconf 89' lang='lat' dir='ltr'>tua.</span> 
     </span>
    </p>

    <p class='ocr_par' dir='ltr' id='par_1_15' title="bbox 51 2409 844 2570">
     <span class='ocr_line' id='line_1_26' title="bbox 91 2409 844 2481; baseline -0.005 -14"><span class='ocrx_word' id='word_1_139' title='bbox 91 2409 201 2480; x_wconf 69' lang='lat' dir='ltr'>Sagittae</span> <span class='ocrx_word' id='word_1_140' title='bbox 212 2420 295 2464; x_wconf 81' lang='lat' dir='ltr'>acutae</span> <span class='ocrx_word' id='word_1_141' title='bbox 303 2410 511 2479; x_wconf 74' lang='lat' dir='ltr'>potentissime*</span> <span class='ocrx_word' id='word_1_142' title='bbox 526 2409 614 2481; x_wconf 88' lang='lat' dir='ltr'>popuii</span> <span class='ocrx_word' id='word_1_143' title='bbox 625 2410 692 2466; x_wconf 86' lang='lat' dir='ltr'>inira</span> <span class='ocrx_word' id='word_1_144' title='bbox 702 2419 729 2467; x_wconf 90' lang='lat' dir='ltr'>tc</span> <span class='ocrx_word' id='word_1_145' title='bbox 738 2410 844 2480; x_wconf 88' lang='lat' dir='ltr'>cadent,</span> 
     </span>
     <span class='ocr_line' id='line_1_27' title="bbox 51 2500 454 2570; baseline -0.005 -14"><span class='ocrx_word' id='word_1_146' title='bbox 51 2501 161 2556; x_wconf 79' lang='lat' dir='ltr'>viscera</span> <span class='ocrx_word' id='word_1_147' title='bbox 176 2501 344 2555; x_wconf 89' lang='lat' dir='ltr'>inimicorum</span> <span class='ocrx_word' id='word_1_148' title='bbox 359 2500 454 2570; x_wconf 75' lang='lat' dir='ltr'>regis.-</span> 
     </span>
    </p>

    <p class='ocr_par' dir='ltr' id='par_1_16' title="bbox 50 2592 848 2852">
     <span class='ocr_line' id='line_1_28' title="bbox 90 2592 848 2663; baseline -0.004 -14"><span class='ocrx_word' id='word_1_149' title='bbox 90 2594 162 2649; x_wconf 76' lang='lat' dir='ltr'>At&#39;ta.</span> <span class='ocrx_word' id='word_1_150' title='bbox 183 2592 263 2649; x_wconf 80' lang='lat' dir='ltr'>Sedet</span> <span class='ocrx_word' id='word_1_151' title='bbox 288 2604 330 2647; x_wconf 84' lang='grc' dir='ltr'>ιιι</span> <span class='ocrx_word' id='word_1_152' title='bbox 349 2592 416 2646; x_wconf 74' lang='lat' dir='ltr'>Deua</span> <span class='ocrx_word' id='word_1_153' title='bbox 440 2594 467 2646; x_wconf 83' lang='lat' dir='ltr'>in</span> <span class='ocrx_word' id='word_1_154' title='bbox 493 2592 615 2647; x_wconf 74' lang='lat' dir='ltr'>seculum</span> <span class='ocrx_word' id='word_1_155' title='bbox 637 2594 723 2648; x_wconf 72' lang='lat' dir='ltr'>cuculi</span> <span class='ocrx_word' id='word_1_156' title='bbox 744 2609 754 2646; x_wconf 91' lang='grc'>.·</span> <span class='ocrx_word' id='word_1_157' title='bbox 776 2595 848 2663; x_wconf 72' lang='lat' dir='ltr'>sirpo</span> 
     </span>
     <span class='ocr_line' id='line_1_29' title="bbox 50 2685 845 2757; baseline -0.005 -15"><span class='ocrx_word' id='word_1_158' title='bbox 50 2686 184 2755; x_wconf 71' lang='lat' dir='ltr'>equitatis</span> <span class='ocrx_word' id='word_1_159' title='bbox 195 2687 266 2757; x_wconf 76' lang='lat' dir='ltr'>sirpo</span> <span class='ocrx_word' id='word_1_160' title='bbox 278 2687 347 2756; x_wconf 72' lang='lat' dir='ltr'>repud</span> <span class='ocrx_word' id='word_1_161' title='bbox 362 2686 398 2738; x_wconf 90' lang='lat' dir='ltr'>tui</span> <span class='ocrx_word' id='word_1_162' title='bbox 413 2700 423 2740; x_wconf 92' lang='grc'>.·</span> <span class='ocrx_word' id='word_1_163' title='bbox 436 2685 547 2739; x_wconf 82' lang='lat' dir='ltr'>dileairti</span> <span class='ocrx_word' id='word_1_164' title='bbox 570 2685 706 2751; x_wconf 84' lang='lat' dir='ltr'>iustitium,</span> <span class='ocrx_word' id='word_1_165' title='bbox 730 2695 753 2738; x_wconf 88' lang='lat' dir='ltr'>ct</span> <span class='ocrx_word' id='word_1_166' title='bbox 769 2685 845 2745; x_wconf 74' lang='lat' dir='ltr'>odiali</span> 
     </span>
     <span class='ocr_line' id='line_1_30' title="bbox 50 2781 646 2852; baseline -0.012 -16"><span class='ocrx_word' id='word_1_167' title='bbox 50 2781 229 2852; x_wconf 68' lang='lat' dir='ltr'>iniquitatem.</span> <span class='ocrx_word' id='word_1_168' title='bbox 645 2782 646 2786; x_wconf 77' lang='grc'>’</span> 
     </span>
    </p>

    <p class='ocr_par' dir='ltr' id='par_1_17' title="bbox 54 2869 847 3032">
     <span class='ocr_line' id='line_1_31' title="bbox 94 2869 847 2943; baseline -0.007 -16"><span class='ocrx_word' id='word_1_169' title='bbox 94 2870 221 2943; x_wconf 56' lang='lat' dir='ltr'>psaltes</span> <span class='ocrx_word' id='word_1_170' title='bbox 236 2880 280 2926; x_wconf 90' lang='lat' dir='ltr'>tua</span> <span class='ocrx_word' id='word_1_171' title='bbox 290 2869 371 2939; x_wconf 80' lang='lat' dir='ltr'>Deus,</span> <span class='ocrx_word' id='word_1_172' title='bbox 382 2872 408 2927; x_wconf 94' lang='lat' dir='ltr'>in</span> <span class='ocrx_word' id='word_1_173' title='bbox 423 2870 552 2927; x_wconf 79' lang='lat' dir='ltr'>saeculum</span> <span class='ocrx_word' id='word_1_174' title='bbox 562 2869 652 2926; x_wconf 80' lang='lat' dir='ltr'>saculi</span> <span class='ocrx_word' id='word_1_175' title='bbox 662 2870 679 2904; x_wconf 74' lang='lat'><em>*</em></span> <span class='ocrx_word' id='word_1_176' title='bbox 692 2869 764 2939; x_wconf 79' lang='lat' dir='ltr'>uirga</span> <span class='ocrx_word' id='word_1_177' title='bbox 774 2875 847 2924; x_wconf 85' lang='lat' dir='ltr'>recta</span> 
     </span>
     <span class='ocr_line' id='line_1_32' title="bbox 54 2959 349 3032; baseline -0.02 -12"><span class='ocrx_word' id='word_1_178' title='bbox 54 2971 102 3020; x_wconf 81' lang='lat' dir='ltr'>cst</span> <span class='ocrx_word' id='word_1_179' title='bbox 121 2962 195 3032; x_wconf 76' lang='lat' dir='ltr'>virga</span> <span class='ocrx_word' id='word_1_180' title='bbox 211 2961 285 3032; x_wconf 74' lang='lat' dir='ltr'>regni</span> <span class='ocrx_word' id='word_1_181' title='bbox 302 2959 349 3015; x_wconf 92' lang='lat' dir='ltr'>tui.</span> 
     </span>
    </p>

    <p class='ocr_par' dir='ltr' id='par_1_18' title="bbox 95 3050 848 3121">
     <span class='ocr_line' id='line_1_33' title="bbox 95 3050 848 3121; baseline -0.001 -15"><span class='ocrx_word' id='word_1_182' title='bbox 95 3051 216 3107; x_wconf 79' lang='lat' dir='ltr'>Dilexisti</span> <span class='ocrx_word' id='word_1_183' title='bbox 227 3052 363 3118; x_wconf 89' lang='lat' dir='ltr'>iustitiam,</span> <span class='ocrx_word' id='word_1_184' title='bbox 377 3061 405 3106; x_wconf 88' lang='lat' dir='ltr'>ct</span> <span class='ocrx_word' id='word_1_185' title='bbox 418 3050 496 3106; x_wconf 87' lang='lat' dir='ltr'>odisti</span> <span class='ocrx_word' id='word_1_186' title='bbox 507 3051 698 3120; x_wconf 73' lang='lat' dir='ltr'>iniquitatem*</span> <span class='ocrx_word' id='word_1_187' title='bbox 710 3059 848 3121; x_wconf 82' lang='lat' dir='ltr'>propterea</span> 
     </span>
    </p>
   </div>
   <div class='ocr_carea' id='block_1_10' title="bbox 55 3143 849 3288">
    <p class='ocr_par' dir='ltr' id='par_1_19' title="bbox 55 3143 849 3288">
     <span class='ocr_line' id='line_1_34' title="bbox 55 3143 849 3212; baseline 0.003 -16"><span class='ocrx_word' id='word_1_188' title='bbox 55 3144 137 3197; x_wconf 86' lang='lat' dir='ltr'>notit</span> <span class='ocrx_word' id='word_1_189' title='bbox 150 3154 177 3198; x_wconf 90' lang='grc' dir='ltr'>ιι</span> <span class='ocrx_word' id='word_1_190' title='bbox 193 3143 271 3212; x_wconf 85' lang='lat' dir='ltr'>Deus,</span> <span class='ocrx_word' id='word_1_191' title='bbox 286 3143 356 3200; x_wconf 88' lang='lat' dir='ltr'>Deus</span> <span class='ocrx_word' id='word_1_192' title='bbox 369 3154 439 3212; x_wconf 86' lang='lat' dir='ltr'>tuus,</span> <span class='ocrx_word' id='word_1_193' title='bbox 450 3145 512 3199; x_wconf 90' lang='lat' dir='ltr'>olco</span> <span class='ocrx_word' id='word_1_194' title='bbox 531 3143 628 3199; x_wconf 78' lang='lat' dir='ltr'>laetitiae</span> <span class='ocrx_word' id='word_1_195' title='bbox 644 3159 698 3212; x_wconf 77' lang='lat' dir='ltr'>ptus</span> <span class='ocrx_word' id='word_1_196' title='bbox 714 3153 849 3198; x_wconf 86' lang='lat' dir='ltr'>corrsortt·</span> 
     </span>
     <span class='ocr_line' id='line_1_35' title="bbox 56 3232 185 3288; baseline 0.016 -2"><span class='ocrx_word' id='word_1_197' title='bbox 56 3234 110 3287; x_wconf 89' lang='lat' dir='ltr'>bos</span> <span class='ocrx_word' id='word_1_198' title='bbox 121 3232 185 3288; x_wconf 90' lang='lat' dir='ltr'>tuis.</span> 
     </span>
    </p>
   </div>
   <div class='ocr_carea' id='block_1_11' title="bbox 57 3324 856 4406">
    <p class='ocr_par' dir='ltr' id='par_1_20' title="bbox 57 3324 852 3575">
     <span class='ocr_line' id='line_1_36' title="bbox 97 3324 851 3394; baseline 0.001 -16"><span class='ocrx_word' id='word_1_199' title='bbox 97 3324 218 3394; x_wconf 71' lang='lat' dir='ltr'>Dyrrha,</span> <span class='ocrx_word' id='word_1_200' title='bbox 241 3331 267 3379; x_wconf 86' lang='lat' dir='ltr'>et</span> <span class='ocrx_word' id='word_1_201' title='bbox 287 3332 371 3393; x_wconf 72' lang='lat' dir='ltr'>gutta,</span> <span class='ocrx_word' id='word_1_202' title='bbox 392 3332 419 3378; x_wconf 89' lang='lat' dir='ltr'>et</span> <span class='ocrx_word' id='word_1_203' title='bbox 432 3325 517 3379; x_wconf 88' lang='lat' dir='ltr'>cassia</span> <span class='ocrx_word' id='word_1_204' title='bbox 535 3325 729 3379; x_wconf 84' lang='lat' dir='ltr'>anestimeutis</span> <span class='ocrx_word' id='word_1_205' title='bbox 743 3324 851 3379; x_wconf 63' lang='lat' dir='ltr'>tuisia</span> 
     </span>
     <span class='ocr_line' id='line_1_37' title="bbox 57 3415 852 3486; baseline 0.004 -18"><span class='ocrx_word' id='word_1_206' title='bbox 57 3416 188 3483; x_wconf 68' lang='lat' dir='ltr'>gradibus</span> <span class='ocrx_word' id='word_1_207' title='bbox 210 3416 344 3481; x_wconf 85' lang='lat' dir='ltr'>eburneis,</span> <span class='ocrx_word' id='word_1_208' title='bbox 365 3431 396 3470; x_wconf 86' lang='lat' dir='ltr'>cr</span> <span class='ocrx_word' id='word_1_209' title='bbox 420 3417 515 3486; x_wconf 80' lang='lat' dir='ltr'>quibus</span> <span class='ocrx_word' id='word_1_210' title='bbox 530 3428 557 3472; x_wconf 88' lang='lat' dir='ltr'>te</span> <span class='ocrx_word' id='word_1_211' title='bbox 576 3416 776 3471; x_wconf 78' lang='lat' dir='ltr'>delectaberunt</span> <span class='ocrx_word' id='word_1_212' title='bbox 791 3415 852 3471; x_wconf 74' lang='lat' dir='ltr'>[ilice</span> 
     </span>
     <span class='ocr_line' id='line_1_38' title="bbox 58 3505 380 3575; baseline -0.006 -13"><span class='ocrx_word' id='word_1_213' title='bbox 58 3520 156 3575; x_wconf 74' lang='lat' dir='ltr'>regunt</span> <span class='ocrx_word' id='word_1_214' title='bbox 167 3508 194 3559; x_wconf 92' lang='lat' dir='ltr'>iu</span> <span class='ocrx_word' id='word_1_215' title='bbox 210 3505 310 3560; x_wconf 89' lang='lat' dir='ltr'>ltonorc</span> <span class='ocrx_word' id='word_1_216' title='bbox 324 3515 380 3561; x_wconf 91' lang='lat' dir='ltr'>tuo.</span> 
     </span>
    </p>

    <p class='ocr_par' dir='ltr' id='par_1_21' title="bbox 59 3595 848 3747">
     <span class='ocr_line' id='line_1_39' title="bbox 96 3595 848 3666; baseline -0.001 -13"><span class='ocrx_word' id='word_1_217' title='bbox 96 3597 209 3653; x_wconf 87' lang='lat' dir='ltr'>lldstitit</span> <span class='ocrx_word' id='word_1_218' title='bbox 221 3598 310 3666; x_wconf 73' lang='lat' dir='ltr'>regina</span> <span class='ocrx_word' id='word_1_219' title='bbox 323 3611 337 3652; x_wconf 93' lang='lat' dir='ltr'>a</span> <span class='ocrx_word' id='word_1_220' title='bbox 351 3597 452 3652; x_wconf 80' lang='lat' dir='ltr'>destris</span> <span class='ocrx_word' id='word_1_221' title='bbox 464 3596 541 3651; x_wconf 72' lang='lat' dir='ltr'>tuis*</span> <span class='ocrx_word' id='word_1_222' title='bbox 555 3595 581 3651; x_wconf 94' lang='lat' dir='ltr'>in</span> <span class='ocrx_word' id='word_1_223' title='bbox 595 3595 692 3653; x_wconf 77' lang='lat' dir='ltr'>vestito</span> <span class='ocrx_word' id='word_1_224' title='bbox 706 3595 848 3665; x_wconf 87' lang='lat' dir='ltr'>deaurato,</span> 
     </span>
     <span class='ocr_line' id='line_1_40' title="bbox 59 3689 407 3747; baseline -0.017 0"><span class='ocrx_word' id='word_1_225' title='bbox 59 3689 260 3747; x_wconf 76' lang='lat' dir='ltr'>circumamicta</span> <span class='ocrx_word' id='word_1_226' title='bbox 272 3692 407 3744; x_wconf 74' lang='lat' dir='ltr'>carimate.</span> 
     </span>
    </p>

    <p class='ocr_par' dir='ltr' id='par_1_22' title="bbox 59 3777 854 4033">
     <span class='ocr_line' id='line_1_41' title="bbox 96 3777 852 3846; baseline -0.004 -11"><span class='ocrx_word' id='word_1_227' title='bbox 96 3777 167 3835; x_wconf 77' lang='lat' dir='ltr'>Audi</span> <span class='ocrx_word' id='word_1_228' title='bbox 184 3779 247 3846; x_wconf 84' lang='lat' dir='ltr'>iilia,</span> <span class='ocrx_word' id='word_1_229' title='bbox 260 3790 286 3835; x_wconf 92' lang='lat' dir='ltr'>et</span> <span class='ocrx_word' id='word_1_230' title='bbox 298 3780 369 3845; x_wconf 83' lang='lat' dir='ltr'>side,</span> <span class='ocrx_word' id='word_1_231' title='bbox 383 3790 410 3835; x_wconf 91' lang='lat' dir='ltr'>ct</span> <span class='ocrx_word' id='word_1_232' title='bbox 423 3780 521 3834; x_wconf 90' lang='lat' dir='ltr'>inclina</span> <span class='ocrx_word' id='word_1_233' title='bbox 535 3795 628 3835; x_wconf 90' lang='lat' dir='ltr'>aurem</span> <span class='ocrx_word' id='word_1_234' title='bbox 642 3790 726 3846; x_wconf 89' lang='lat' dir='ltr'>tuam,</span> <span class='ocrx_word' id='word_1_235' title='bbox 741 3789 769 3835; x_wconf 91' lang='lat' dir='ltr'>et</span> <span class='ocrx_word' id='word_1_236' title='bbox 782 3780 852 3835; x_wconf 87' lang='lat' dir='ltr'>obli·</span> 
     </span>
     <span class='ocr_line' id='line_1_42' title="bbox 59 3873 854 3942; baseline 0 -14"><span class='ocrx_word' id='word_1_237' title='bbox 59 3873 166 3928; x_wconf 77' lang='lat' dir='ltr'>viscere</span> <span class='ocrx_word' id='word_1_238' title='bbox 179 3873 303 3942; x_wconf 88' lang='lat' dir='ltr'>pupulum</span> <span class='ocrx_word' id='word_1_239' title='bbox 328 3881 411 3938; x_wconf 76' lang='lat' dir='ltr'>tarum,</span> <span class='ocrx_word' id='word_1_240' title='bbox 427 3883 453 3927; x_wconf 92' lang='lat' dir='ltr'>ct</span> <span class='ocrx_word' id='word_1_241' title='bbox 477 3875 584 3927; x_wconf 87' lang='lat' dir='ltr'>domurn</span> <span class='ocrx_word' id='word_1_242' title='bbox 600 3874 683 3942; x_wconf 81' lang='lat' dir='ltr'>putris</span> <span class='ocrx_word' id='word_1_243' title='bbox 708 3873 744 3927; x_wconf 91' lang='lat' dir='ltr'>tui</span> <span class='ocrx_word' id='word_1_244' title='bbox 757 3873 774 3908; x_wconf 70' lang='lat' dir='ltr'>’i</span> <span class='ocrx_word' id='word_1_245' title='bbox 788 3888 854 3942; x_wconf 86' lang='lat' dir='ltr'>quu-</span> 
     </span>
     <span class='ocr_line' id='line_1_43' title="bbox 62 3964 582 4033; baseline -0.008 -13"><span class='ocrx_word' id='word_1_246' title='bbox 62 3964 135 4020; x_wconf 90' lang='lat' dir='ltr'>niam</span> <span class='ocrx_word' id='word_1_247' title='bbox 149 3965 358 4033; x_wconf 81' lang='lat' dir='ltr'>concupibitrcx</span> <span class='ocrx_word' id='word_1_248' title='bbox 368 3964 484 4033; x_wconf 89' lang='lat' dir='ltr'>speciem</span> <span class='ocrx_word' id='word_1_249' title='bbox 500 3972 582 4017; x_wconf 89' lang='lat' dir='ltr'>tuam.</span> 
     </span>
    </p>

    <p class='ocr_par' dir='ltr' id='par_1_23' title="bbox 62 4052 855 4220">
     <span class='ocr_line' id='line_1_44' title="bbox 96 4052 855 4125; baseline -0.005 -15"><span class='ocrx_word' id='word_1_250' title='bbox 96 4054 167 4123; x_wconf 81' lang='lat' dir='ltr'>Quia</span> <span class='ocrx_word' id='word_1_251' title='bbox 179 4056 236 4125; x_wconf 88' lang='lat' dir='ltr'>ipse</span> <span class='ocrx_word' id='word_1_252' title='bbox 263 4064 305 4110; x_wconf 87' lang='lat' dir='ltr'>est</span> <span class='ocrx_word' id='word_1_253' title='bbox 317 4054 445 4109; x_wconf 81' lang='lat' dir='ltr'>Dominus</span> <span class='ocrx_word' id='word_1_254' title='bbox 471 4053 540 4109; x_wconf 84' lang='lat' dir='ltr'>Deus</span> <span class='ocrx_word' id='word_1_255' title='bbox 567 4068 627 4108; x_wconf 87' lang='lat' dir='ltr'>tuus</span> <span class='ocrx_word' id='word_1_256' title='bbox 641 4052 694 4106; x_wconf 72' lang='lat' dir='ltr'>*et</span> <span class='ocrx_word' id='word_1_257' title='bbox 708 4052 855 4109; x_wconf 86' lang='lat' dir='ltr'>adorabunt</span> 
     </span>
     <span class='ocr_line' id='line_1_45' title="bbox 62 4147 490 4220; baseline -0.012 -13"><span class='ocrx_word' id='word_1_258' title='bbox 62 4164 124 4207; x_wconf 79' lang='lat' dir='ltr'>eunt</span> <span class='ocrx_word' id='word_1_259' title='bbox 140 4149 202 4204; x_wconf 81' lang='lat' dir='ltr'>littae</span> <span class='ocrx_word' id='word_1_260' title='bbox 213 4148 276 4220; x_wconf 81' lang='lat' dir='ltr'>Tyri</span> <span class='ocrx_word' id='word_1_261' title='bbox 290 4148 316 4203; x_wconf 93' lang='lat' dir='ltr'>in</span> <span class='ocrx_word' id='word_1_262' title='bbox 327 4147 490 4203; x_wconf 85' lang='lat' dir='ltr'>mutieribus.</span> 
     </span>
    </p>

    <p class='ocr_par' dir='ltr' id='par_1_24' title="bbox 62 4237 856 4406">
     <span class='ocr_line' id='line_1_46' title="bbox 100 4237 856 4311; baseline -0.003 -17"><span class='ocrx_word' id='word_1_263' title='bbox 100 4242 211 4298; x_wconf 85' lang='lat' dir='ltr'>ilnltrtnr</span> <span class='ocrx_word' id='word_1_264' title='bbox 249 4251 322 4296; x_wconf 86' lang='lat' dir='ltr'>tuum</span> <span class='ocrx_word' id='word_1_265' title='bbox 354 4239 567 4311; x_wconf 82' lang='lat' dir='ltr'>deprecabuntur·</span> <span class='ocrx_word' id='word_1_266' title='bbox 592 4240 721 4294; x_wconf 72' lang='lat' dir='ltr'>*omncs</span> <span class='ocrx_word' id='word_1_267' title='bbox 759 4237 856 4293; x_wconf 80' lang='lat' dir='ltr'>divites</span> 
     </span>
     <span class='ocr_line' id='line_1_47' title="bbox 62 4335 161 4406; baseline -0.02 -16"><span class='ocrx_word' id='word_1_268' title='bbox 62 4335 161 4406; x_wconf 86' lang='lat' dir='ltr'>plebis.</span> 
     </span>
    </p>
   </div>
   <div class='ocr_carea' id='block_1_12' title="bbox 890 482 1683 1566">
    <p class='ocr_par' dir='ltr' id='par_1_25' title="bbox 890 482 1496 551">
     <span class='ocr_line' id='line_1_48' title="bbox 890 482 1496 551; baseline -0.005 -11"><span class='ocrx_word' id='word_1_269' title='bbox 890 483 1078 550; x_wconf 87' lang='lat' dir='ltr'>bulatiooibus,</span> <span class='ocrx_word' id='word_1_270' title='bbox 1096 498 1154 551; x_wconf 79' lang='lat' dir='ltr'>nuc</span> <span class='ocrx_word' id='word_1_271' title='bbox 1169 497 1217 536; x_wconf 87' lang='lat' dir='ltr'>nos</span> <span class='ocrx_word' id='word_1_272' title='bbox 1232 482 1391 537; x_wconf 83' lang='lat' dir='ltr'>imenerttnt</span> <span class='ocrx_word' id='word_1_273' title='bbox 1404 482 1496 537; x_wconf 88' lang='lat' dir='ltr'>nimis.</span> 
     </span>
    </p>

    <p class='ocr_par' dir='ltr' id='par_1_26' title="bbox 891 573 1681 726">
     <span class='ocr_line' id='line_1_49' title="bbox 924 573 1681 648; baseline 0.007 -16"><span class='ocrx_word' id='word_1_274' title='bbox 924 577 1069 648; x_wconf 83' lang='lat' dir='ltr'>Propterea</span> <span class='ocrx_word' id='word_1_275' title='bbox 1098 592 1150 631; x_wconf 91' lang='lat' dir='ltr'>non</span> <span class='ocrx_word' id='word_1_276' title='bbox 1181 573 1345 641; x_wconf 89' lang='lat' dir='ltr'>timebimus,</span> <span class='ocrx_word' id='word_1_277' title='bbox 1378 574 1442 629; x_wconf 87' lang='lat' dir='ltr'>duur</span> <span class='ocrx_word' id='word_1_278' title='bbox 1478 577 1681 637; x_wconf 80' lang='lat' dir='ltr'>conturbabitur</span> 
     </span>
     <span class='ocr_line' id='line_1_50' title="bbox 891 666 1583 726; baseline -0.001 -1"><span class='ocrx_word' id='word_1_279' title='bbox 891 672 984 726; x_wconf 72' lang='lat' dir='ltr'>terra*</span> <span class='ocrx_word' id='word_1_280' title='bbox 993 683 1018 725; x_wconf 89' lang='lat' dir='ltr'>et</span> <span class='ocrx_word' id='word_1_281' title='bbox 1033 666 1224 724; x_wconf 76' lang='lat' dir='ltr'>transferantur</span> <span class='ocrx_word' id='word_1_282' title='bbox 1237 674 1343 722; x_wconf 89' lang='lat' dir='ltr'>montes</span> <span class='ocrx_word' id='word_1_283' title='bbox 1358 666 1383 721; x_wconf 92' lang='lat' dir='ltr'>iu</span> <span class='ocrx_word' id='word_1_284' title='bbox 1395 666 1477 722; x_wconf 86' lang='lat' dir='ltr'>corde</span> <span class='ocrx_word' id='word_1_285' title='bbox 1490 669 1583 725; x_wconf 87' lang='lat' dir='ltr'>maris.</span> 
     </span>
    </p>

    <p class='ocr_par' dir='ltr' id='par_1_27' title="bbox 891 757 1681 908">
     <span class='ocr_line' id='line_1_51' title="bbox 925 757 1681 826; baseline 0.004 -11"><span class='ocrx_word' id='word_1_286' title='bbox 925 761 1094 815; x_wconf 89' lang='lat' dir='ltr'>Souabernut</span> <span class='ocrx_word' id='word_1_287' title='bbox 1108 769 1135 812; x_wconf 93' lang='lat' dir='ltr'>et</span> <span class='ocrx_word' id='word_1_288' title='bbox 1150 759 1261 811; x_wconf 80' lang='lat' dir='ltr'>turbatae</span> <span class='ocrx_word' id='word_1_289' title='bbox 1273 764 1334 811; x_wconf 80' lang='lat' dir='ltr'>stant</span> <span class='ocrx_word' id='word_1_290' title='bbox 1348 771 1424 826; x_wconf 78' lang='lat' dir='ltr'>aqum</span> <span class='ocrx_word' id='word_1_291' title='bbox 1433 757 1515 813; x_wconf 75' lang='lat' dir='ltr'>eius*</span> <span class='ocrx_word' id='word_1_292' title='bbox 1528 761 1681 818; x_wconf 84' lang='lat' dir='ltr'>conturbati</span> 
     </span>
     <span class='ocr_line' id='line_1_52' title="bbox 891 848 1360 908; baseline -0.017 0"><span class='ocrx_word' id='word_1_293' title='bbox 891 862 954 908; x_wconf 87' lang='lat' dir='ltr'>sunt</span> <span class='ocrx_word' id='word_1_294' title='bbox 966 862 1071 906; x_wconf 89' lang='lat' dir='ltr'>montes</span> <span class='ocrx_word' id='word_1_295' title='bbox 1085 851 1112 904; x_wconf 92' lang='lat' dir='ltr'>in</span> <span class='ocrx_word' id='word_1_296' title='bbox 1125 848 1278 904; x_wconf 77' lang='lat' dir='ltr'>fortitudine</span> <span class='ocrx_word' id='word_1_297' title='bbox 1291 850 1360 906; x_wconf 85' lang='lat' dir='ltr'>eins.</span> 
     </span>
    </p>

    <p class='ocr_par' dir='ltr' id='par_1_28' title="bbox 891 935 1682 1094">
     <span class='ocr_line' id='line_1_53' title="bbox 928 935 1682 1010; baseline -0.008 -9"><span class='ocrx_word' id='word_1_298' title='bbox 928 945 1056 1001; x_wconf 83' lang='lat' dir='ltr'>Flurninis</span> <span class='ocrx_word' id='word_1_299' title='bbox 1067 945 1180 1010; x_wconf 90' lang='lat' dir='ltr'>impetus</span> <span class='ocrx_word' id='word_1_300' title='bbox 1195 940 1311 995; x_wconf 78' lang='lat' dir='ltr'>luetilicat</span> <span class='ocrx_word' id='word_1_301' title='bbox 1323 940 1458 995; x_wconf 82' lang='lat' dir='ltr'>civitatem</span> <span class='ocrx_word' id='word_1_302' title='bbox 1472 939 1546 995; x_wconf 67' lang='lat' dir='ltr'>Dei*</span> <span class='ocrx_word' id='word_1_303' title='bbox 1560 935 1682 1000; x_wconf 67' lang='lat' dir='ltr'>maelii.</span> 
     </span>
     <span class='ocr_line' id='line_1_54' title="bbox 891 1033 1440 1094; baseline -0.011 0"><span class='ocrx_word' id='word_1_304' title='bbox 891 1039 963 1094; x_wconf 90' lang='lat' dir='ltr'>cabil</span> <span class='ocrx_word' id='word_1_305' title='bbox 977 1037 1174 1092; x_wconf 87' lang='lat' dir='ltr'>tabernaculum</span> <span class='ocrx_word' id='word_1_306' title='bbox 1190 1049 1266 1088; x_wconf 91' lang='lat' dir='ltr'>suum</span> <span class='ocrx_word' id='word_1_307' title='bbox 1278 1033 1440 1088; x_wconf 77' lang='lat' dir='ltr'>ditissimus.</span> 
     </span>
    </p>

    <p class='ocr_par' dir='ltr' id='par_1_29' title="bbox 894 1125 1683 1290">
     <span class='ocr_line' id='line_1_55' title="bbox 928 1125 1683 1185; baseline -0.001 -1"><span class='ocrx_word' id='word_1_308' title='bbox 928 1130 999 1185; x_wconf 90' lang='lat' dir='ltr'>Deus</span> <span class='ocrx_word' id='word_1_309' title='bbox 1010 1131 1035 1183; x_wconf 93' lang='lat' dir='ltr'>iu</span> <span class='ocrx_word' id='word_1_310' title='bbox 1053 1129 1140 1183; x_wconf 84' lang='lat' dir='ltr'>uredio</span> <span class='ocrx_word' id='word_1_311' title='bbox 1156 1130 1213 1180; x_wconf 85' lang='lat' dir='ltr'>elus</span> <span class='ocrx_word' id='word_1_312' title='bbox 1229 1140 1281 1180; x_wconf 93' lang='lat' dir='ltr'>uon</span> <span class='ocrx_word' id='word_1_313' title='bbox 1296 1125 1533 1182; x_wconf 70' lang='lat' dir='ltr'>commonebitur*</span> <span class='ocrx_word' id='word_1_314' title='bbox 1547 1125 1683 1183; x_wconf 79' lang='lat' dir='ltr'>adiuvabit</span> 
     </span>
     <span class='ocr_line' id='line_1_56' title="bbox 894 1223 1229 1290; baseline -0.015 -12"><span class='ocrx_word' id='word_1_315' title='bbox 894 1238 951 1279; x_wconf 83' lang='lat' dir='ltr'>com</span> <span class='ocrx_word' id='word_1_316' title='bbox 968 1223 1036 1276; x_wconf 88' lang='lat' dir='ltr'>Deus</span> <span class='ocrx_word' id='word_1_317' title='bbox 1049 1231 1157 1290; x_wconf 81' lang='lat' dir='ltr'>aspectu</span> <span class='ocrx_word' id='word_1_318' title='bbox 1171 1234 1229 1273; x_wconf 85' lang='lat' dir='ltr'>suo.</span> 
     </span>
    </p>

    <p class='ocr_par' dir='ltr' id='par_1_30' title="bbox 893 1314 1682 1471">
     <span class='ocr_line' id='line_1_57' title="bbox 929 1314 1682 1386; baseline -0.012 -9"><span class='ocrx_word' id='word_1_319' title='bbox 929 1320 1099 1377; x_wconf 75' lang='lat' dir='ltr'>Carnturbatae</span> <span class='ocrx_word' id='word_1_320' title='bbox 1113 1328 1175 1372; x_wconf 93' lang='lat' dir='ltr'>sunt</span> <span class='ocrx_word' id='word_1_321' title='bbox 1193 1324 1298 1386; x_wconf 76' lang='lat' dir='ltr'>gentes,</span> <span class='ocrx_word' id='word_1_322' title='bbox 1314 1324 1341 1369; x_wconf 91' lang='lat' dir='ltr'>et</span> <span class='ocrx_word' id='word_1_323' title='bbox 1355 1314 1479 1369; x_wconf 88' lang='lat' dir='ltr'>inclinata</span> <span class='ocrx_word' id='word_1_324' title='bbox 1492 1322 1554 1370; x_wconf 85' lang='lat' dir='ltr'>surrl</span> <span class='ocrx_word' id='word_1_325' title='bbox 1568 1329 1650 1384; x_wconf 73' lang='lat' dir='ltr'>repna</span> <span class='ocrx_word' id='word_1_326' title='bbox 1666 1315 1682 1351; x_wconf 72' lang='lat'>&#39;⁵</span> 
     </span>
     <span class='ocr_line' id='line_1_58' title="bbox 893 1408 1610 1471; baseline -0.018 1"><span class='ocrx_word' id='word_1_327' title='bbox 893 1415 1067 1471; x_wconf 74' lang='lat' dir='ltr'>deditionem</span> <span class='ocrx_word' id='word_1_328' title='bbox 1083 1424 1157 1463; x_wconf 87' lang='lat' dir='ltr'>suam</span> <span class='ocrx_word' id='word_1_329' title='bbox 1173 1408 1334 1468; x_wconf 72' lang='lat' dir='ltr'>altissimus,</span> <span class='ocrx_word' id='word_1_330' title='bbox 1349 1415 1375 1460; x_wconf 91' lang='lat' dir='ltr'>et</span> <span class='ocrx_word' id='word_1_331' title='bbox 1390 1417 1459 1460; x_wconf 90' lang='lat' dir='ltr'>mota</span> <span class='ocrx_word' id='word_1_332' title='bbox 1474 1415 1516 1460; x_wconf 88' lang='lat' dir='ltr'>est</span> <span class='ocrx_word' id='word_1_333' title='bbox 1530 1415 1610 1461; x_wconf 87' lang='lat' dir='ltr'>terra.</span> 
     </span>
    </p>

    <p class='ocr_par' dir='ltr' id='par_1_31' title="bbox 929 1497 1682 1566">
     <span class='ocr_line' id='line_1_59' title="bbox 929 1497 1682 1566; baseline -0.011 -8"><span class='ocrx_word' id='word_1_334' title='bbox 929 1504 1056 1559; x_wconf 82' lang='lat' dir='ltr'>Dominus</span> <span class='ocrx_word' id='word_1_335' title='bbox 1076 1503 1200 1555; x_wconf 75' lang='lat' dir='ltr'>virtutum</span> <span class='ocrx_word' id='word_1_336' title='bbox 1227 1498 1366 1553; x_wconf 87' lang='lat' dir='ltr'>nobiscum</span> <span class='ocrx_word' id='word_1_337' title='bbox 1385 1497 1560 1566; x_wconf 72' lang='lat' dir='ltr'>*susceptor</span> <span class='ocrx_word' id='word_1_338' title='bbox 1590 1505 1682 1552; x_wconf 87' lang='lat' dir='ltr'>uester</span> 
     </span>
    </p>
   </div>
   <div class='ocr_carea' id='block_1_13' title="bbox 894 1592 1364 1747">
    <p class='ocr_par' dir='ltr' id='par_1_32' title="bbox 894 1592 1364 1747">
     <span class='ocr_line' id='line_1_60' title="bbox 894 1592 1072 1649; baseline -0.022 -1"><span class='ocrx_word' id='word_1_339' title='bbox 894 1593 964 1649; x_wconf 81' lang='lat' dir='ltr'>Detls</span> <span class='ocrx_word' id='word_1_340' title='bbox 978 1592 1072 1648; x_wconf 81' lang='lat' dir='ltr'>Jacob.</span> 
     </span>
     <span class='ocr_line' id='line_1_61' title="bbox 1203 1677 1364 1747; baseline -0.006 -15"><span class='ocrx_word' id='word_1_341' title='bbox 1203 1677 1364 1747; x_wconf 85' lang='lat' dir='ltr'>Diuptnlruu.</span> 
     </span>
    </p>
   </div>
   <div class='ocr_carea' id='block_1_14' title="bbox 895 1787 1686 2137">
    <p class='ocr_par' dir='ltr' id='par_1_33' title="bbox 895 1787 1686 1958">
     <span class='ocr_line' id='line_1_62' title="bbox 932 1787 1686 1861; baseline -0.011 -11"><span class='ocrx_word' id='word_1_342' title='bbox 932 1795 1043 1860; x_wconf 82' lang='lat' dir='ltr'>Venite,</span> <span class='ocrx_word' id='word_1_343' title='bbox 1064 1803 1091 1849; x_wconf 88' lang='lat' dir='ltr'>et</span> <span class='ocrx_word' id='word_1_344' title='bbox 1106 1791 1192 1847; x_wconf 82' lang='lat' dir='ltr'>ridete</span> <span class='ocrx_word' id='word_1_345' title='bbox 1210 1805 1244 1861; x_wconf 93' lang='lat' dir='ltr'>op</span> <span class='ocrx_word' id='word_1_346' title='bbox 1255 1806 1289 1844; x_wconf 83' lang='lat' dir='ltr'>ra</span> <span class='ocrx_word' id='word_1_347' title='bbox 1303 1787 1407 1844; x_wconf 87' lang='lat' dir='ltr'>Domini</span> <span class='ocrx_word' id='word_1_348' title='bbox 1421 1788 1438 1823; x_wconf 64' lang='lat'><strong><em>⁴</em></strong></span> <span class='ocrx_word' id='word_1_349' title='bbox 1451 1803 1509 1858; x_wconf 79' lang='lat' dir='ltr'>quac</span> <span class='ocrx_word' id='word_1_350' title='bbox 1524 1788 1611 1860; x_wconf 85' lang='lat' dir='ltr'>posuit</span> <span class='ocrx_word' id='word_1_351' title='bbox 1623 1803 1686 1860; x_wconf 86' lang='lat' dir='ltr'>pro·</span> 
     </span>
     <span class='ocr_line' id='line_1_63' title="bbox 895 1887 1180 1958; baseline -0.028 -16"><span class='ocrx_word' id='word_1_352' title='bbox 895 1887 963 1958; x_wconf 77' lang='lat' dir='ltr'>digia</span> <span class='ocrx_word' id='word_1_353' title='bbox 977 1900 1058 1953; x_wconf 84' lang='lat' dir='ltr'>super</span> <span class='ocrx_word' id='word_1_354' title='bbox 1072 1893 1180 1937; x_wconf 87' lang='lat' dir='ltr'>terram.</span> 
     </span>
    </p>

    <p class='ocr_par' dir='ltr' id='par_1_34' title="bbox 895 1968 1685 2137">
     <span class='ocr_line' id='line_1_64' title="bbox 928 1968 1685 2042; baseline -0.011 -7"><span class='ocrx_word' id='word_1_355' title='bbox 928 1979 1060 2035; x_wconf 77' lang='lat' dir='ltr'>Aul&#39;ercns</span> <span class='ocrx_word' id='word_1_356' title='bbox 1074 1975 1141 2030; x_wconf 88' lang='lat' dir='ltr'>belia</span> <span class='ocrx_word' id='word_1_357' title='bbox 1159 1987 1240 2042; x_wconf 85' lang='lat' dir='ltr'>usqne</span> <span class='ocrx_word' id='word_1_358' title='bbox 1255 1971 1288 2026; x_wconf 87' lang='lat' dir='ltr'>ad</span> <span class='ocrx_word' id='word_1_359' title='bbox 1309 1971 1377 2025; x_wconf 88' lang='lat' dir='ltr'>lines</span> <span class='ocrx_word' id='word_1_360' title='bbox 1399 1968 1502 2025; x_wconf 71' lang='lat' dir='ltr'>terrae*</span> <span class='ocrx_word' id='word_1_361' title='bbox 1515 1985 1607 2026; x_wconf 81' lang='lat' dir='ltr'>aream</span> <span class='ocrx_word' id='word_1_362' title='bbox 1620 1984 1685 2029; x_wconf 89' lang='lat' dir='ltr'>cott-</span> 
     </span>
     <span class='ocr_line' id='line_1_65' title="bbox 895 2062 1648 2137; baseline -0.013 -8"><span class='ocrx_word' id='word_1_363' title='bbox 895 2081 974 2136; x_wconf 82' lang='lat' dir='ltr'>teret,</span> <span class='ocrx_word' id='word_1_364' title='bbox 990 2081 1017 2126; x_wconf 90' lang='grc' dir='ltr'>ιι</span> <span class='ocrx_word' id='word_1_365' title='bbox 1027 2069 1178 2137; x_wconf 79' lang='lat' dir='ltr'>cundringet</span> <span class='ocrx_word' id='word_1_366' title='bbox 1192 2075 1288 2120; x_wconf 76' lang='lat' dir='ltr'>arura:</span> <span class='ocrx_word' id='word_1_367' title='bbox 1304 2072 1332 2118; x_wconf 92' lang='lat' dir='ltr'>ct</span> <span class='ocrx_word' id='word_1_368' title='bbox 1346 2072 1420 2118; x_wconf 87' lang='lat' dir='ltr'>scuta</span> <span class='ocrx_word' id='word_1_369' title='bbox 1431 2062 1570 2119; x_wconf 83' lang='lat' dir='ltr'>comburet</span> <span class='ocrx_word' id='word_1_370' title='bbox 1584 2063 1648 2134; x_wconf 75' lang='lat' dir='ltr'>igni.</span> 
     </span>
    </p>
   </div>
   <div class='ocr_carea' id='block_1_15' title="bbox 855 2148 1687 2227">
    <p class='ocr_par' dir='ltr' id='par_1_35' title="bbox 855 2148 1687 2227">
     <span class='ocr_line' id='line_1_66' title="bbox 855 2148 1687 2227; baseline -0.01 -9"><span class='ocrx_word' id='word_1_371' title='bbox 855 2168 862 2179; x_wconf 93' lang='lat'>&#39;</span> <span class='ocrx_word' id='word_1_372' title='bbox 931 2163 1041 2224; x_wconf 73' lang='lat' dir='ltr'>i&#39;aeote,</span> <span class='ocrx_word' id='word_1_373' title='bbox 1066 2170 1093 2214; x_wconf 92' lang='lat' dir='ltr'>et</span> <span class='ocrx_word' id='word_1_374' title='bbox 1114 2159 1202 2213; x_wconf 84' lang='lat' dir='ltr'>ridete</span> <span class='ocrx_word' id='word_1_375' title='bbox 1226 2155 1352 2227; x_wconf 82' lang='lat' dir='ltr'>qrtorriam</span> <span class='ocrx_word' id='word_1_376' title='bbox 1377 2169 1428 2225; x_wconf 78' lang='lat' dir='ltr'>ego</span> <span class='ocrx_word' id='word_1_377' title='bbox 1454 2148 1514 2208; x_wconf 87' lang='lat' dir='ltr'>sum</span> <span class='ocrx_word' id='word_1_378' title='bbox 1538 2153 1687 2211; x_wconf 75' lang='lat' dir='ltr'>Dominus*</span> 
     </span>
    </p>
   </div>
   <div class='ocr_carea' id='block_1_16' title="bbox 895 2243 1688 2404">
    <p class='ocr_par' dir='ltr' id='par_1_36' title="bbox 895 2243 1688 2404">
     <span class='ocr_line' id='line_1_67' title="bbox 895 2243 1546 2320; baseline -0.02 -9"><span class='ocrx_word' id='word_1_379' title='bbox 895 2254 1033 2311; x_wconf 78' lang='lat' dir='ltr'>exaltabor</span> <span class='ocrx_word' id='word_1_380' title='bbox 1046 2254 1072 2307; x_wconf 91' lang='lat' dir='ltr'>in</span> <span class='ocrx_word' id='word_1_381' title='bbox 1085 2249 1217 2320; x_wconf 74' lang='lat' dir='ltr'>parilibus,</span> <span class='ocrx_word' id='word_1_382' title='bbox 1233 2256 1260 2301; x_wconf 87' lang='lat' dir='ltr'>et</span> <span class='ocrx_word' id='word_1_383' title='bbox 1272 2243 1409 2301; x_wconf 81' lang='lat' dir='ltr'>exaltabor</span> <span class='ocrx_word' id='word_1_384' title='bbox 1422 2245 1447 2298; x_wconf 93' lang='lat' dir='ltr'>in</span> <span class='ocrx_word' id='word_1_385' title='bbox 1464 2252 1546 2298; x_wconf 86' lang='lat' dir='ltr'>terra.</span> 
     </span>
     <span class='ocr_line' id='line_1_68' title="bbox 931 2333 1688 2404; baseline -0.013 -3"><span class='ocrx_word' id='word_1_386' title='bbox 931 2345 1059 2401; x_wconf 87' lang='lat' dir='ltr'>Dominus</span> <span class='ocrx_word' id='word_1_387' title='bbox 1084 2344 1210 2398; x_wconf 82' lang='lat' dir='ltr'>virtutum</span> <span class='ocrx_word' id='word_1_388' title='bbox 1236 2333 1408 2393; x_wconf 70' lang='lat' dir='ltr'>nobiscum*</span> <span class='ocrx_word' id='word_1_389' title='bbox 1430 2342 1570 2404; x_wconf 85' lang='lat' dir='ltr'>susceptor</span> <span class='ocrx_word' id='word_1_390' title='bbox 1595 2343 1688 2391; x_wconf 87' lang='lat' dir='ltr'>noster</span> 
     </span>
    </p>
   </div>
   <div class='ocr_carea' id='block_1_17' title="bbox 896 2434 1071 2493">
    <p class='ocr_par' dir='ltr' id='par_1_37' title="bbox 896 2434 1071 2493">
     <span class='ocr_line' id='line_1_69' title="bbox 896 2434 1071 2493; baseline -0.029 0"><span class='ocrx_word' id='word_1_391' title='bbox 896 2437 966 2493; x_wconf 81' lang='lat' dir='ltr'>Deus</span> <span class='ocrx_word' id='word_1_392' title='bbox 980 2434 1071 2492; x_wconf 77' lang='lat' dir='ltr'>iassib.</span> 
     </span>
    </p>
   </div>
   <div class='ocr_carea' id='block_1_18' title="bbox 1243 2519 1334 2576">
    <p class='ocr_par' dir='ltr' id='par_1_38' title="bbox 1243 2519 1334 2576">
     <span class='ocr_line' id='line_1_70' title="bbox 1243 2519 1334 2576; baseline -0.033 0"><span class='ocrx_word' id='word_1_393' title='bbox 1243 2519 1334 2576; x_wconf 83' lang='lat' dir='ltr'>xlvi.</span> 
     </span>
    </p>
   </div>
   <div class='ocr_carea' id='block_1_19' title="bbox 897 2621 1690 3074">
    <p class='ocr_par' dir='ltr' id='par_1_39' title="bbox 897 2621 1690 3074">
     <span class='ocr_line' id='line_1_71' title="bbox 897 2621 1688 2758; baseline -0.02 -66"><span class='ocrx_word' id='word_1_394' title='bbox 897 2635 1035 2694; x_wconf 78' lang='lat' dir='ltr'>Victorum</span> <span class='ocrx_word' id='word_1_395' title='bbox 1056 2633 1172 2688; x_wconf 78' lang='lat' dir='ltr'>filiorum</span> <span class='ocrx_word' id='word_1_396' title='bbox 1193 2630 1278 2758; x_wconf 52' lang='lat' dir='ltr'>Gorge</span> <span class='ocrx_word' id='word_1_397' title='bbox 1292 2623 1410 2757; x_wconf 47' lang='lat' dir='ltr'>ssscuuda</span> <span class='ocrx_word' id='word_1_398' title='bbox 1423 2621 1531 2682; x_wconf 82' lang='lat' dir='ltr'>Salrbati</span> <span class='ocrx_word' id='word_1_399' title='bbox 1551 2622 1688 2681; x_wconf 80' lang='lat' dir='ltr'>Canticum</span> 
     </span>
     <span class='ocr_line' id='line_1_72' title="bbox 1264 2719 1466 2757; baseline -0.01 -1"><span class='ocrx_word' id='word_1_400' title='bbox 1264 2719 1303 2757; x_wconf 82' lang='lat' dir='ltr'>arn</span> <span class='ocrx_word' id='word_1_401' title='bbox 1326 2738 1333 2751; x_wconf 85' lang='lat'>.</span> <span class='ocrx_word' id='word_1_402' title='bbox 1462 2722 1466 2729; x_wconf 95' lang='lat'>·</span> 
     </span>
     <span class='ocr_line' id='line_1_73' title="bbox 935 2808 1690 2892; baseline -0.019 -16"><span class='ocrx_word' id='word_1_403' title='bbox 935 2822 1003 2876; x_wconf 75' lang='lat' dir='ltr'>Atia.</span> <span class='ocrx_word' id='word_1_404' title='bbox 1019 2819 1103 2892; x_wconf 72' lang='lat' dir='ltr'>Elepit</span> <span class='ocrx_word' id='word_1_405' title='bbox 1115 2837 1161 2874; x_wconf 81' lang='lat' dir='ltr'>oca</span> <span class='ocrx_word' id='word_1_406' title='bbox 1175 2819 1340 2874; x_wconf 74' lang='lat' dir='ltr'>hereditatem</span> <span class='ocrx_word' id='word_1_407' title='bbox 1353 2818 1401 2872; x_wconf 83' lang='lat' dir='ltr'>ribi</span> <span class='ocrx_word' id='word_1_408' title='bbox 1421 2832 1467 2872; x_wconf 83' lang='lat' dir='ltr'>rea</span> <span class='ocrx_word' id='word_1_409' title='bbox 1481 2808 1690 2886; x_wconf 74' lang='lat' dir='ltr'>mapnnrDomi·</span> 
     </span>
     <span class='ocr_line' id='line_1_74' title="bbox 899 2920 1269 2984; baseline -0.016 -14"><span class='ocrx_word' id='word_1_410' title='bbox 899 2930 946 2970; x_wconf 79' lang='grc'><strong>11111</strong></span> <span class='ocrx_word' id='word_1_411' title='bbox 961 2929 1037 2984; x_wconf 62' lang='grc'><strong>11111111·</strong></span> <span class='ocrx_word' id='word_1_412' title='bbox 1051 2928 1149 2967; x_wconf 84' lang='lat' dir='ltr'>titttttem</span> <span class='ocrx_word' id='word_1_413' title='bbox 1163 2920 1269 2965; x_wconf 68' lang='grc'><strong>10110111.</strong></span> 
     </span>
     <span class='ocr_line' id='line_1_75' title="bbox 935 2994 1690 3074; baseline -0.017 -13"><span class='ocrx_word' id='word_1_414' title='bbox 935 3008 1036 3061; x_wconf 88' lang='lat' dir='ltr'>Omnes</span> <span class='ocrx_word' id='word_1_415' title='bbox 1054 3013 1145 3074; x_wconf 76' lang='lat' dir='ltr'>potin-s</span> <span class='ocrx_word' id='word_1_416' title='bbox 1160 3001 1282 3073; x_wconf 87' lang='lat' dir='ltr'>plaudete</span> <span class='ocrx_word' id='word_1_417' title='bbox 1298 3001 1448 3056; x_wconf 72' lang='lat' dir='ltr'>mantuus*</span> <span class='ocrx_word' id='word_1_418' title='bbox 1461 2998 1570 3055; x_wconf 87' lang='lat' dir='ltr'>iubilate</span> <span class='ocrx_word' id='word_1_419' title='bbox 1592 2994 1646 3051; x_wconf 88' lang='lat' dir='ltr'>Deo</span> <span class='ocrx_word' id='word_1_420' title='bbox 1661 2994 1690 3048; x_wconf 89' lang='lat' dir='ltr'>in</span> 
     </span>
    </p>
   </div>
   <div class='ocr_carea' id='block_1_20' title="bbox 863 3095 1159 3170">
    <p class='ocr_par' dir='ltr' id='par_1_40' title="bbox 863 3095 1159 3170">
     <span class='ocr_line' id='line_1_76' title="bbox 863 3095 1159 3170; baseline -0.007 -20"><span class='ocrx_word' id='word_1_421' title='bbox 863 3106 887 3170; x_wconf 70' lang='grc' dir='ltr'>ρ</span> <span class='ocrx_word' id='word_1_422' title='bbox 903 3111 968 3152; x_wconf 81' lang='lat' dir='ltr'>soce</span> <span class='ocrx_word' id='word_1_423' title='bbox 979 3095 1159 3150; x_wconf 76' lang='lat' dir='ltr'>exultationis.</span> 
     </span>
    </p>
   </div>
   <div class='ocr_carea' id='block_1_21' title="bbox 901 3180 1693 3518">
    <p class='ocr_par' dir='ltr' id='par_1_41' title="bbox 901 3180 1692 3351">
     <span class='ocr_line' id='line_1_77' title="bbox 934 3180 1692 3255; baseline -0.016 -14"><span class='ocrx_word' id='word_1_424' title='bbox 934 3184 1064 3255; x_wconf 84' lang='lat' dir='ltr'>Quoniam</span> <span class='ocrx_word' id='word_1_425' title='bbox 1081 3184 1150 3240; x_wconf 89' lang='lat' dir='ltr'>Deus</span> <span class='ocrx_word' id='word_1_426' title='bbox 1162 3196 1293 3249; x_wconf 89' lang='lat' dir='ltr'>summus,</span> <span class='ocrx_word' id='word_1_427' title='bbox 1305 3180 1453 3236; x_wconf 75' lang='lat' dir='ltr'>terribilis*</span> <span class='ocrx_word' id='word_1_428' title='bbox 1464 3194 1509 3235; x_wconf 85' lang='lat' dir='ltr'>rer</span> <span class='ocrx_word' id='word_1_429' title='bbox 1520 3191 1632 3248; x_wconf 70' lang='lat' dir='ltr'>magnus</span> <span class='ocrx_word' id='word_1_430' title='bbox 1646 3188 1692 3230; x_wconf 88' lang='lat' dir='ltr'>stt·</span> 
     </span>
     <span class='ocr_line' id='line_1_78' title="bbox 901 3289 1187 3351; baseline -0.014 -15"><span class='ocrx_word' id='word_1_431' title='bbox 901 3293 1065 3351; x_wconf 86' lang='lat' dir='ltr'>peromnem</span> <span class='ocrx_word' id='word_1_432' title='bbox 1078 3289 1187 3332; x_wconf 88' lang='lat' dir='ltr'>terrum.</span> 
     </span>
    </p>

    <p class='ocr_par' dir='ltr' id='par_1_42' title="bbox 902 3359 1693 3518">
     <span class='ocr_line' id='line_1_79' title="bbox 936 3359 1693 3441; baseline -0.012 -15"><span class='ocrx_word' id='word_1_433' title='bbox 936 3370 1055 3426; x_wconf 86' lang='lat' dir='ltr'>Subiecit</span> <span class='ocrx_word' id='word_1_434' title='bbox 1075 3369 1188 3441; x_wconf 83' lang='lat' dir='ltr'>populus</span> <span class='ocrx_word' id='word_1_435' title='bbox 1215 3366 1292 3425; x_wconf 89' lang='lat' dir='ltr'>nubis</span> <span class='ocrx_word' id='word_1_436' title='bbox 1315 3368 1331 3400; x_wconf 67' lang='lat' dir='ltr'>a</span> <span class='ocrx_word' id='word_1_437' title='bbox 1360 3375 1386 3424; x_wconf 90' lang='lat' dir='ltr'>et</span> <span class='ocrx_word' id='word_1_438' title='bbox 1415 3374 1507 3438; x_wconf 73' lang='lat' dir='ltr'>gcntes</span> <span class='ocrx_word' id='word_1_439' title='bbox 1531 3359 1693 3435; x_wconf 85' lang='lat' dir='ltr'>suppedibus</span> 
     </span>
     <span class='ocr_line' id='line_1_80' title="bbox 902 3454 1549 3518; baseline -0.012 0"><span class='ocrx_word' id='word_1_440' title='bbox 902 3463 1011 3518; x_wconf 88' lang='lat' dir='ltr'>nostris.</span> <span class='ocrx_word' id='word_1_441' title='bbox 1545 3454 1549 3461; x_wconf 85' lang='grc'>’</span> 
     </span>
    </p>
   </div>
   <div class='ocr_carea' id='block_1_22' title="bbox 902 3569 1691 3741">
    <p class='ocr_par' dir='ltr' id='par_1_43' title="bbox 902 3569 1691 3741">
     <span class='ocr_line' id='line_1_81' title="bbox 938 3569 1691 3649; baseline -0.009 -15"><span class='ocrx_word' id='word_1_442' title='bbox 938 3579 1023 3649; x_wconf 76' lang='lat' dir='ltr'>Elegit</span> <span class='ocrx_word' id='word_1_443' title='bbox 1057 3593 1106 3633; x_wconf 86' lang='lat' dir='ltr'>nus</span> <span class='ocrx_word' id='word_1_444' title='bbox 1137 3577 1312 3634; x_wconf 73' lang='lat' dir='ltr'>hereditatem</span> <span class='ocrx_word' id='word_1_445' title='bbox 1338 3571 1576 3645; x_wconf 74' lang='lat' dir='ltr'>suam*specicm</span> <span class='ocrx_word' id='word_1_446' title='bbox 1606 3569 1691 3629; x_wconf 80' lang='lat' dir='ltr'>tacut</span> 
     </span>
     <span class='ocr_line' id='line_1_82' title="bbox 902 3666 1585 3741; baseline -0.003 -21"><span class='ocrx_word' id='word_1_447' title='bbox 902 3686 982 3741; x_wconf 78' lang='lat' dir='ltr'>quiam</span> <span class='ocrx_word' id='word_1_448' title='bbox 996 3670 1100 3725; x_wconf 82' lang='lat' dir='ltr'>dilexit.</span> <span class='ocrx_word' id='word_1_449' title='bbox 1580 3666 1585 3677; x_wconf 93' lang='grc'><strong>’</strong></span> 
     </span>
    </p>
   </div>
   <div class='ocr_carea' id='block_1_23' title="bbox 904 3778 1693 4029">
    <p class='ocr_par' dir='ltr' id='par_1_44' title="bbox 904 3778 1693 4029">
     <span class='ocr_line' id='line_1_83' title="bbox 938 3778 1693 3836; baseline -0.005 -2"><span class='ocrx_word' id='word_1_450' title='bbox 938 3780 1064 3836; x_wconf 82' lang='lat' dir='ltr'>dsccrrdit</span> <span class='ocrx_word' id='word_1_451' title='bbox 1089 3782 1158 3835; x_wconf 89' lang='lat' dir='ltr'>Deus</span> <span class='ocrx_word' id='word_1_452' title='bbox 1185 3780 1211 3836; x_wconf 92' lang='lat' dir='ltr'>in</span> <span class='ocrx_word' id='word_1_453' title='bbox 1238 3779 1419 3835; x_wconf 75' lang='lat' dir='ltr'>iubilationel</span> <span class='ocrx_word' id='word_1_454' title='bbox 1435 3778 1563 3835; x_wconf 82' lang='lat' dir='ltr'>Dominus</span> <span class='ocrx_word' id='word_1_455' title='bbox 1586 3778 1612 3832; x_wconf 94' lang='lat' dir='ltr'>iu</span> <span class='ocrx_word' id='word_1_456' title='bbox 1628 3790 1693 3832; x_wconf 86' lang='lat' dir='ltr'>roco</span> 
     </span>
     <span class='ocr_line' id='line_1_84' title="bbox 904 3875 984 3928; baseline -0.025 0"><span class='ocrx_word' id='word_1_457' title='bbox 904 3875 984 3928; x_wconf 77' lang='lat' dir='ltr'>tttbut.</span> 
     </span>
     <span class='ocr_line' id='line_1_85' title="bbox 940 3957 1693 4029; baseline -0.004 -13"><span class='ocrx_word' id='word_1_458' title='bbox 940 3960 1046 4016; x_wconf 84' lang='lat' dir='ltr'>Psallite</span> <span class='ocrx_word' id='word_1_459' title='bbox 1062 3960 1116 4014; x_wconf 81' lang='lat' dir='ltr'>Deo</span> <span class='ocrx_word' id='word_1_460' title='bbox 1134 3969 1236 4026; x_wconf 86' lang='lat' dir='ltr'>nostro,</span> <span class='ocrx_word' id='word_1_461' title='bbox 1260 3959 1389 4029; x_wconf 73' lang='lat' dir='ltr'>psallite*</span> <span class='ocrx_word' id='word_1_462' title='bbox 1406 3958 1508 4027; x_wconf 86' lang='lat' dir='ltr'>psallite</span> <span class='ocrx_word' id='word_1_463' title='bbox 1525 3957 1579 4028; x_wconf 77' lang='lat' dir='ltr'>regi</span> <span class='ocrx_word' id='word_1_464' title='bbox 1600 3964 1693 4013; x_wconf 84' lang='lat' dir='ltr'>nostro</span> 
     </span>
    </p>
   </div>
   <div class='ocr_carea' id='block_1_24' title="bbox 905 4050 1696 4123">
    <p class='ocr_par' dir='ltr' id='par_1_45' title="bbox 905 4050 1696 4123">
     <span class='ocr_line' id='line_1_86' title="bbox 905 4050 1696 4123; baseline -0.005 -17"><span class='ocrx_word' id='word_1_465' title='bbox 905 4054 1024 4123; x_wconf 74' lang='lat' dir='ltr'>psoius,</span> <span class='ocrx_word' id='word_1_466' title='bbox 1040 4054 1164 4120; x_wconf 80' lang='lat' dir='ltr'>nuurtiant</span> <span class='ocrx_word' id='word_1_467' title='bbox 1177 4068 1222 4106; x_wconf 85' lang='grc' dir='ltr'>ιιι</span> <span class='ocrx_word' id='word_1_468' title='bbox 1238 4051 1325 4107; x_wconf 83' lang='lat' dir='ltr'>ornaris</span> <span class='ocrx_word' id='word_1_469' title='bbox 1341 4061 1419 4106; x_wconf 77' lang='lat' dir='ltr'>terrae</span> <span class='ocrx_word' id='word_1_470' title='bbox 1434 4050 1513 4115; x_wconf 87' lang='lat' dir='ltr'>Deus,</span> <span class='ocrx_word' id='word_1_471' title='bbox 1530 4050 1634 4119; x_wconf 85' lang='lat' dir='ltr'>psallito</span> <span class='ocrx_word' id='word_1_472' title='bbox 1648 4064 1696 4104; x_wconf 89' lang='lat' dir='ltr'>sa·</span> 
     </span>
    </p>
   </div>
   <div class='ocr_carea' id='block_1_25' title="bbox 906 4151 1695 4398">
    <p class='ocr_par' dir='ltr' id='par_1_46' title="bbox 906 4151 1695 4398">
     <span class='ocr_line' id='line_1_87' title="bbox 906 4151 1018 4218; baseline -0.027 -13"><span class='ocrx_word' id='word_1_473' title='bbox 906 4151 1018 4218; x_wconf 83' lang='lat' dir='ltr'>pientur.</span> 
     </span>
     <span class='ocr_line' id='line_1_88' title="bbox 942 4234 1695 4311; baseline -0.003 -20"><span class='ocrx_word' id='word_1_474' title='bbox 942 4237 1070 4311; x_wconf 75' lang='lat' dir='ltr'>ltcgualril</span> <span class='ocrx_word' id='word_1_475' title='bbox 1080 4237 1207 4293; x_wconf 86' lang='lat' dir='ltr'>Dominus</span> <span class='ocrx_word' id='word_1_476' title='bbox 1221 4250 1399 4302; x_wconf 84' lang='lat' dir='ltr'>superomnes</span> <span class='ocrx_word' id='word_1_477' title='bbox 1409 4235 1524 4305; x_wconf 76' lang='lat' dir='ltr'>geistes*</span> <span class='ocrx_word' id='word_1_478' title='bbox 1539 4234 1608 4288; x_wconf 77' lang='lat' dir='ltr'>Dens</span> <span class='ocrx_word' id='word_1_479' title='bbox 1619 4235 1695 4289; x_wconf 86' lang='lat' dir='ltr'>sedet</span> 
     </span>
     <span class='ocr_line' id='line_1_89' title="bbox 906 4332 1317 4398; baseline -0.015 -12"><span class='ocrx_word' id='word_1_480' title='bbox 906 4345 987 4398; x_wconf 85' lang='lat' dir='ltr'>super</span> <span class='ocrx_word' id='word_1_481' title='bbox 996 4332 1087 4386; x_wconf 87' lang='lat' dir='ltr'>sedent</span> <span class='ocrx_word' id='word_1_482' title='bbox 1100 4338 1217 4383; x_wconf 81' lang='lat' dir='ltr'>salictam</span> <span class='ocrx_word' id='word_1_483' title='bbox 1231 4342 1317 4382; x_wconf 88' lang='lat' dir='ltr'>stram.</span> 
     </span>
    </p>
   </div>
   <div class='ocr_carea' id='block_1_26' title="bbox 97 4417 1697 4516">
    <p class='ocr_par' dir='ltr' id='par_1_47' title="bbox 97 4417 1697 4516">
     <span class='ocr_line' id='line_1_90' title="bbox 97 4417 1697 4516; baseline -0.004 -37"><span class='ocrx_word' id='word_1_484' title='bbox 97 4423 194 4492; x_wconf 79' lang='lat' dir='ltr'>Omnis</span> <span class='ocrx_word' id='word_1_485' title='bbox 214 4420 296 4492; x_wconf 75' lang='lat' dir='ltr'>gloria</span> <span class='ocrx_word' id='word_1_486' title='bbox 311 4420 368 4475; x_wconf 88' lang='lat' dir='ltr'>eius</span> <span class='ocrx_word' id='word_1_487' title='bbox 392 4419 451 4475; x_wconf 76' lang='lat' dir='ltr'>lutto</span> <span class='ocrx_word' id='word_1_488' title='bbox 471 4419 539 4491; x_wconf 79' lang='lat' dir='ltr'>regis</span> <span class='ocrx_word' id='word_1_489' title='bbox 552 4419 691 4474; x_wconf 76' lang='lat' dir='ltr'>abintus*</span> <span class='ocrx_word' id='word_1_490' title='bbox 702 4420 728 4474; x_wconf 92' lang='lat' dir='ltr'>iu</span> <span class='ocrx_word' id='word_1_491' title='bbox 739 4419 856 4476; x_wconf 83' lang='lat' dir='ltr'>dirrlrreis</span> <span class='ocrx_word' id='word_1_492' title='bbox 869 4456 895 4516; x_wconf 70' lang='lat' dir='ltr'>D</span> <span class='ocrx_word' id='word_1_493' title='bbox 942 4422 1080 4491; x_wconf 82' lang='lat' dir='ltr'>Principes</span> <span class='ocrx_word' id='word_1_494' title='bbox 1094 4422 1181 4490; x_wconf 75' lang='lat' dir='ltr'>propoli</span> <span class='ocrx_word' id='word_1_495' title='bbox 1200 4428 1386 4475; x_wconf 71' lang='lat' dir='ltr'>coruvenerunt</span> <span class='ocrx_word' id='word_1_496' title='bbox 1400 4432 1460 4474; x_wconf 91' lang='lat' dir='ltr'>cum</span> <span class='ocrx_word' id='word_1_497' title='bbox 1472 4417 1528 4473; x_wconf 91' lang='lat' dir='ltr'>Deo</span> <span class='ocrx_word' id='word_1_498' title='bbox 1540 4417 1697 4473; x_wconf 71' lang='lat' dir='ltr'>Abrabam*</span> 
     </span>
    </p>
   </div>
   <div class='ocr_carea' id='block_1_27' title="bbox 61 4512 859 5396">
    <p class='ocr_par' dir='ltr' id='par_1_48' title="bbox 62 4512 517 4570">
     <span class='ocr_line' id='line_1_91' title="bbox 62 4512 517 4570; baseline -0.004 0"><span class='ocrx_word' id='word_1_499' title='bbox 62 4514 152 4570; x_wconf 88' lang='lat' dir='ltr'>aureis</span> <span class='ocrx_word' id='word_1_500' title='bbox 166 4515 363 4568; x_wconf 84' lang='lat' dir='ltr'>circumamicta</span> <span class='ocrx_word' id='word_1_501' title='bbox 377 4512 517 4568; x_wconf 78' lang='lat' dir='ltr'>varietate.</span> 
     </span>
    </p>

    <p class='ocr_par' dir='ltr' id='par_1_49' title="bbox 63 4601 857 4855">
     <span class='ocr_line' id='line_1_92' title="bbox 97 4601 855 4672; baseline -0.004 -13"><span class='ocrx_word' id='word_1_502' title='bbox 97 4601 250 4659; x_wconf 79' lang='lat' dir='ltr'>Aiiercntur</span> <span class='ocrx_word' id='word_1_503' title='bbox 261 4604 316 4671; x_wconf 80' lang='lat' dir='ltr'>regi</span> <span class='ocrx_word' id='word_1_504' title='bbox 336 4603 451 4672; x_wconf 78' lang='lat' dir='ltr'>virgines</span> <span class='ocrx_word' id='word_1_505' title='bbox 464 4612 523 4670; x_wconf 86' lang='lat' dir='ltr'>post</span> <span class='ocrx_word' id='word_1_506' title='bbox 542 4616 601 4656; x_wconf 89' lang='lat' dir='ltr'>eam</span> <span class='ocrx_word' id='word_1_507' title='bbox 616 4602 632 4636; x_wconf 65' lang='lat'>⁴</span> <span class='ocrx_word' id='word_1_508' title='bbox 645 4601 772 4671; x_wconf 77' lang='lat' dir='ltr'>proximo</span> <span class='ocrx_word' id='word_1_509' title='bbox 797 4603 855 4657; x_wconf 88' lang='lat' dir='ltr'>cius</span> 
     </span>
     <span class='ocr_line' id='line_1_93' title="bbox 63 4693 857 4759; baseline -0.003 -8"><span class='ocrx_word' id='word_1_510' title='bbox 63 4696 231 4752; x_wconf 76' lang='lat' dir='ltr'>adducentur</span> <span class='ocrx_word' id='word_1_511' title='bbox 253 4695 300 4749; x_wconf 88' lang='lat' dir='ltr'>tibi</span> <span class='ocrx_word' id='word_1_512' title='bbox 314 4694 341 4749; x_wconf 90' lang='lat' dir='ltr'>in</span> <span class='ocrx_word' id='word_1_513' title='bbox 357 4694 459 4759; x_wconf 79' lang='lat' dir='ltr'>laetitia,</span> <span class='ocrx_word' id='word_1_514' title='bbox 478 4702 506 4748; x_wconf 87' lang='lat' dir='ltr'>et</span> <span class='ocrx_word' id='word_1_515' title='bbox 527 4693 688 4750; x_wconf 86' lang='lat' dir='ltr'>eruitatioue</span> <span class='ocrx_word' id='word_1_516' title='bbox 703 4711 710 4747; x_wconf 76' lang='grc' dir='ltr'>ε</span> <span class='ocrx_word' id='word_1_517' title='bbox 723 4694 857 4749; x_wconf 85' lang='lat' dir='ltr'>adducen-</span> 
     </span>
     <span class='ocr_line' id='line_1_94' title="bbox 63 4785 348 4855; baseline -0.018 -11"><span class='ocrx_word' id='word_1_518' title='bbox 63 4796 108 4844; x_wconf 90' lang='lat' dir='ltr'>tur</span> <span class='ocrx_word' id='word_1_519' title='bbox 118 4790 144 4842; x_wconf 89' lang='lat' dir='ltr'>in</span> <span class='ocrx_word' id='word_1_520' title='bbox 160 4787 258 4855; x_wconf 88' lang='lat' dir='ltr'>templo</span> <span class='ocrx_word' id='word_1_521' title='bbox 268 4785 348 4855; x_wconf 75' lang='lat' dir='ltr'>regis.</span> 
     </span>
    </p>

    <p class='ocr_par' dir='ltr' id='par_1_50' title="bbox 62 4875 857 5043">
     <span class='ocr_line' id='line_1_95' title="bbox 99 4875 857 4946; baseline -0.004 -11"><span class='ocrx_word' id='word_1_522' title='bbox 99 4879 153 4935; x_wconf 88' lang='lat' dir='ltr'>Pro</span> <span class='ocrx_word' id='word_1_523' title='bbox 168 4877 287 4946; x_wconf 85' lang='lat' dir='ltr'>patribus</span> <span class='ocrx_word' id='word_1_524' title='bbox 301 4879 351 4932; x_wconf 82' lang='lat' dir='ltr'>tuis</span> <span class='ocrx_word' id='word_1_525' title='bbox 366 4877 420 4933; x_wconf 89' lang='lat' dir='ltr'>nati</span> <span class='ocrx_word' id='word_1_526' title='bbox 435 4885 498 4933; x_wconf 87' lang='lat' dir='ltr'>sunt</span> <span class='ocrx_word' id='word_1_527' title='bbox 511 4876 559 4933; x_wconf 90' lang='lat' dir='ltr'>tibi</span> <span class='ocrx_word' id='word_1_528' title='bbox 571 4877 639 4932; x_wconf 75' lang='lat' dir='ltr'>iulii*</span> <span class='ocrx_word' id='word_1_529' title='bbox 650 4875 795 4932; x_wconf 84' lang='lat' dir='ltr'>constitues</span> <span class='ocrx_word' id='word_1_530' title='bbox 809 4889 857 4932; x_wconf 86' lang='lat' dir='ltr'>cos</span> 
     </span>
     <span class='ocr_line' id='line_1_96' title="bbox 62 4971 535 5043; baseline -0.008 -17"><span class='ocrx_word' id='word_1_531' title='bbox 62 4971 201 5043; x_wconf 83' lang='lat' dir='ltr'>principos</span> <span class='ocrx_word' id='word_1_532' title='bbox 213 4985 293 5040; x_wconf 83' lang='lat' dir='ltr'>super</span> <span class='ocrx_word' id='word_1_533' title='bbox 304 4985 409 5026; x_wconf 88' lang='lat' dir='ltr'>omnem</span> <span class='ocrx_word' id='word_1_534' title='bbox 426 4979 535 5025; x_wconf 88' lang='lat' dir='ltr'>terram.</span> 
     </span>
    </p>

    <p class='ocr_par' dir='ltr' id='par_1_51' title="bbox 63 5060 854 5227">
     <span class='ocr_line' id='line_1_97' title="bbox 101 5060 854 5128; baseline -0.001 -12"><span class='ocrx_word' id='word_1_535' title='bbox 101 5063 234 5118; x_wconf 75' lang='lat' dir='ltr'>bleramus</span> <span class='ocrx_word' id='word_1_536' title='bbox 266 5069 345 5117; x_wconf 89' lang='lat' dir='ltr'>erunt</span> <span class='ocrx_word' id='word_1_537' title='bbox 365 5061 480 5118; x_wconf 87' lang='lat' dir='ltr'>nominis</span> <span class='ocrx_word' id='word_1_538' title='bbox 506 5062 555 5128; x_wconf 87' lang='lat' dir='ltr'>tui,</span> <span class='ocrx_word' id='word_1_539' title='bbox 580 5060 754 5118; x_wconf 74' lang='lat' dir='ltr'>Domine*in</span> <span class='ocrx_word' id='word_1_540' title='bbox 782 5061 854 5117; x_wconf 92' lang='lat' dir='ltr'>outni</span> 
     </span>
     <span class='ocr_line' id='line_1_98' title="bbox 63 5154 441 5227; baseline 0 -18"><span class='ocrx_word' id='word_1_541' title='bbox 63 5154 203 5227; x_wconf 71' lang='lat' dir='ltr'>progenie.</span> <span class='ocrx_word' id='word_1_542' title='bbox 219 5161 246 5210; x_wconf 87' lang='lat' dir='ltr'>et</span> <span class='ocrx_word' id='word_1_543' title='bbox 260 5154 441 5227; x_wconf 76' lang='lat' dir='ltr'>generatione.</span> 
     </span>
    </p>

    <p class='ocr_par' dir='ltr' id='par_1_52' title="bbox 61 5248 859 5396">
     <span class='ocr_line' id='line_1_99' title="bbox 100 5248 859 5319; baseline 0 -16"><span class='ocrx_word' id='word_1_544' title='bbox 100 5248 245 5317; x_wconf 76' lang='lat' dir='ltr'>Propterea</span> <span class='ocrx_word' id='word_1_545' title='bbox 269 5249 358 5319; x_wconf 91' lang='lat' dir='ltr'>populi</span> <span class='ocrx_word' id='word_1_546' title='bbox 375 5248 573 5306; x_wconf 87' lang='lat' dir='ltr'>conlitebtmtur</span> <span class='ocrx_word' id='word_1_547' title='bbox 585 5249 634 5307; x_wconf 90' lang='lat' dir='ltr'>tibi</span> <span class='ocrx_word' id='word_1_548' title='bbox 651 5249 677 5304; x_wconf 92' lang='lat' dir='ltr'>in</span> <span class='ocrx_word' id='word_1_549' title='bbox 699 5249 859 5314; x_wconf 47' lang='lat' dir='ltr'>eternum}</span> 
     </span>
     <span class='ocr_line' id='line_1_100' title="bbox 61 5339 384 5396; baseline -0.006 -1"><span class='ocrx_word' id='word_1_550' title='bbox 61 5348 92 5396; x_wconf 88' lang='lat' dir='ltr'>ct</span> <span class='ocrx_word' id='word_1_551' title='bbox 103 5339 130 5395; x_wconf 89' lang='lat' dir='ltr'>io</span> <span class='ocrx_word' id='word_1_552' title='bbox 144 5340 273 5396; x_wconf 67' lang='lat' dir='ltr'>sunium</span> <span class='ocrx_word' id='word_1_553' title='bbox 283 5339 384 5396; x_wconf 75' lang='lat' dir='ltr'>saculi.</span> 
     </span>
    </p>
   </div>
   <div class='ocr_carea' id='block_1_28' title="bbox 62 5430 859 5787">
    <p class='ocr_par' dir='ltr' id='par_1_53' title="bbox 62 5430 859 5787">
     <span class='ocr_line' id='line_1_101' title="bbox 426 5430 505 5488; baseline -0.013 0"><span class='ocrx_word' id='word_1_554' title='bbox 426 5430 505 5488; x_wconf 86' lang='lat' dir='ltr'>xtv.</span> 
     </span>
     <span class='ocr_line' id='line_1_102' title="bbox 62 5525 856 5596; baseline -0.004 -12"><span class='ocrx_word' id='word_1_555' title='bbox 62 5525 190 5584; x_wconf 76' lang='lat' dir='ltr'>induem</span> <span class='ocrx_word' id='word_1_556' title='bbox 205 5540 253 5595; x_wconf 84' lang='lat' dir='ltr'>pro</span> <span class='ocrx_word' id='word_1_557' title='bbox 265 5525 328 5581; x_wconf 73' lang='lat' dir='ltr'>ultr</span> <span class='ocrx_word' id='word_1_558' title='bbox 340 5525 433 5596; x_wconf 82' lang='lat' dir='ltr'>Coree,</span> <span class='ocrx_word' id='word_1_559' title='bbox 455 5541 503 5594; x_wconf 90' lang='lat' dir='ltr'>pro</span> <span class='ocrx_word' id='word_1_560' title='bbox 528 5526 613 5582; x_wconf 69' lang='lat' dir='ltr'>idltnn</span> <span class='ocrx_word' id='word_1_561' title='bbox 628 5527 748 5583; x_wconf 86' lang='lat' dir='ltr'>Psnltnus</span> <span class='ocrx_word' id='word_1_562' title='bbox 762 5527 856 5584; x_wconf 76' lang='lat' dir='ltr'>Daniel.</span> 
     </span>
     <span class='ocr_line' id='line_1_103' title="bbox 100 5617 859 5691; baseline 0 -16"><span class='ocrx_word' id='word_1_563' title='bbox 100 5618 169 5675; x_wconf 78' lang='lat' dir='ltr'>litia.</span> <span class='ocrx_word' id='word_1_564' title='bbox 191 5617 270 5685; x_wconf 80' lang='lat' dir='ltr'>Deus,</span> <span class='ocrx_word' id='word_1_565' title='bbox 297 5632 410 5675; x_wconf 79' lang='lat' dir='ltr'>nostrum</span> <span class='ocrx_word' id='word_1_566' title='bbox 422 5620 560 5691; x_wconf 71' lang='lat' dir='ltr'>resuspirant,</span> <span class='ocrx_word' id='word_1_567' title='bbox 580 5631 604 5674; x_wconf 84' lang='lat' dir='ltr'>et</span> <span class='ocrx_word' id='word_1_568' title='bbox 617 5622 697 5676; x_wconf 84' lang='lat' dir='ltr'>cirlna</span> <span class='ocrx_word' id='word_1_569' title='bbox 715 5621 819 5676; x_wconf 83' lang='lat' dir='ltr'>adiutor</span> <span class='ocrx_word' id='word_1_570' title='bbox 833 5621 859 5675; x_wconf 89' lang='lat' dir='ltr'>in</span> 
     </span>
     <span class='ocr_line' id='line_1_104' title="bbox 64 5714 592 5787; baseline 0 -17"><span class='ocrx_word' id='word_1_571' title='bbox 64 5728 208 5787; x_wconf 65' lang='lat' dir='ltr'>neutra,</span> <span class='ocrx_word' id='word_1_572' title='bbox 223 5728 279 5784; x_wconf 80' lang='lat' dir='ltr'>quc</span> <span class='ocrx_word' id='word_1_573' title='bbox 290 5730 335 5771; x_wconf 82' lang='lat' dir='ltr'>rios</span> <span class='ocrx_word' id='word_1_574' title='bbox 346 5714 493 5771; x_wconf 71' lang='lat' dir='ltr'>incernam</span> <span class='ocrx_word' id='word_1_575' title='bbox 507 5715 592 5770; x_wconf 82' lang='lat' dir='ltr'>niuria.</span> 
     </span>
    </p>
   </div>
   <div class='ocr_carea' id='block_1_29' title="bbox 907 4509 1701 5770">
    <p class='ocr_par' dir='ltr' id='par_1_54' title="bbox 907 4509 1701 5770">
     <span class='ocr_line' id='line_1_105' title="bbox 907 4509 1590 4588; baseline -0.012 -16"><span class='ocrx_word' id='word_1_576' title='bbox 907 4516 1030 4588; x_wconf 82' lang='lat' dir='ltr'>quostiam</span> <span class='ocrx_word' id='word_1_577' title='bbox 1041 4515 1077 4570; x_wconf 90' lang='lat' dir='ltr'>dil</span> <span class='ocrx_word' id='word_1_578' title='bbox 1091 4511 1175 4568; x_wconf 78' lang='lat' dir='ltr'>sortes</span> <span class='ocrx_word' id='word_1_579' title='bbox 1190 4525 1268 4568; x_wconf 79' lang='lat' dir='ltr'>terrae</span> <span class='ocrx_word' id='word_1_580' title='bbox 1284 4509 1394 4564; x_wconf 82' lang='lat' dir='ltr'>nimiunn</span> <span class='ocrx_word' id='word_1_581' title='bbox 1406 4510 1502 4566; x_wconf 82' lang='lat' dir='ltr'>elevati</span> <span class='ocrx_word' id='word_1_582' title='bbox 1517 4517 1590 4565; x_wconf 91' lang='lat' dir='ltr'>sunt.</span> 
     </span>
     <span class='ocr_line' id='line_1_106' title="bbox 1250 4601 1354 4658; baseline -0.029 0"><span class='ocrx_word' id='word_1_583' title='bbox 1250 4601 1354 4658; x_wconf 80' lang='lat' dir='ltr'>xlttt.</span> 
     </span>
     <span class='ocr_line' id='line_1_107' title="bbox 934 4691 1671 4761; baseline -0.005 -10"><span class='ocrx_word' id='word_1_584' title='bbox 934 4697 962 4751; x_wconf 89' lang='lat' dir='ltr'>lu</span> <span class='ocrx_word' id='word_1_585' title='bbox 978 4698 1058 4752; x_wconf 91' lang='lat' dir='ltr'>linem</span> <span class='ocrx_word' id='word_1_586' title='bbox 1074 4695 1195 4750; x_wconf 86' lang='lat' dir='ltr'>Psalmus</span> <span class='ocrx_word' id='word_1_587' title='bbox 1208 4693 1310 4748; x_wconf 83' lang='lat' dir='ltr'>cannot</span> <span class='ocrx_word' id='word_1_588' title='bbox 1323 4706 1370 4761; x_wconf 92' lang='lat' dir='ltr'>pro</span> <span class='ocrx_word' id='word_1_589' title='bbox 1382 4691 1444 4747; x_wconf 83' lang='lat' dir='ltr'>tttils</span> <span class='ocrx_word' id='word_1_590' title='bbox 1454 4691 1541 4747; x_wconf 87' lang='lat' dir='ltr'>Corec</span> <span class='ocrx_word' id='word_1_591' title='bbox 1553 4693 1671 4747; x_wconf 86' lang='lat' dir='ltr'>secunda</span> 
     </span>
     <span class='ocr_line' id='line_1_108' title="bbox 1245 4763 1366 4822; baseline -0.041 0"><span class='ocrx_word' id='word_1_592' title='bbox 1245 4763 1366 4822; x_wconf 77' lang='lat' dir='ltr'>Sabbati.</span> 
     </span>
     <span class='ocr_line' id='line_1_109' title="bbox 942 4878 1698 4957; baseline -0.012 -18"><span class='ocrx_word' id='word_1_593' title='bbox 942 4882 1001 4957; x_wconf 73' lang='lat' dir='ltr'>[tr]</span> <span class='ocrx_word' id='word_1_594' title='bbox 1016 4882 1084 4938; x_wconf 79' lang='lat' dir='ltr'>Aria.</span> <span class='ocrx_word' id='word_1_595' title='bbox 1109 4881 1284 4949; x_wconf 81' lang='lat' dir='ltr'>suscepimus,</span> <span class='ocrx_word' id='word_1_596' title='bbox 1303 4878 1382 4945; x_wconf 83' lang='lat' dir='ltr'>Deua,</span> <span class='ocrx_word' id='word_1_597' title='bbox 1407 4878 1608 4934; x_wconf 80' lang='lat' dir='ltr'>miscricordiam</span> <span class='ocrx_word' id='word_1_598' title='bbox 1627 4886 1698 4933; x_wconf 76' lang='lat' dir='ltr'>tunrtr</span> 
     </span>
     <span class='ocr_line' id='line_1_110' title="bbox 907 4974 1205 5044; baseline -0.02 -12"><span class='ocrx_word' id='word_1_599' title='bbox 907 4978 933 5032; x_wconf 85' lang='lat' dir='ltr'>t&#39;rt</span> <span class='ocrx_word' id='word_1_600' title='bbox 946 4978 1029 5030; x_wconf 82' lang='lat' dir='ltr'>medio</span> <span class='ocrx_word' id='word_1_601' title='bbox 1045 4974 1136 5044; x_wconf 83' lang='lat' dir='ltr'>letrrpio</span> <span class='ocrx_word' id='word_1_602' title='bbox 1151 4982 1205 5027; x_wconf 84' lang='lat' dir='ltr'>lun.</span> 
     </span>
     <span class='ocr_line' id='line_1_111' title="bbox 943 5059 1699 5138; baseline -0.013 -12"><span class='ocrx_word' id='word_1_603' title='bbox 943 5070 1053 5138; x_wconf 73' lang='lat' dir='ltr'>Magnus</span> <span class='ocrx_word' id='word_1_604' title='bbox 1070 5069 1205 5129; x_wconf 85' lang='lat' dir='ltr'>llorrriuus,</span> <span class='ocrx_word' id='word_1_605' title='bbox 1218 5075 1246 5120; x_wconf 86' lang='lat' dir='ltr'>ct</span> <span class='ocrx_word' id='word_1_606' title='bbox 1261 5064 1401 5120; x_wconf 86' lang='lat' dir='ltr'>laudabilis</span> <span class='ocrx_word' id='word_1_607' title='bbox 1420 5063 1497 5119; x_wconf 81' lang='lat' dir='ltr'>raldo</span> <span class='ocrx_word' id='word_1_608' title='bbox 1511 5062 1527 5097; x_wconf 69' lang='lat'>⁸</span> <span class='ocrx_word' id='word_1_609' title='bbox 1542 5061 1569 5116; x_wconf 92' lang='lat' dir='ltr'>itt</span> <span class='ocrx_word' id='word_1_610' title='bbox 1589 5059 1699 5116; x_wconf 86' lang='lat' dir='ltr'>ciritate</span> 
     </span>
     <span class='ocr_line' id='line_1_112' title="bbox 909 5156 1394 5218; baseline -0.014 0"><span class='ocrx_word' id='word_1_611' title='bbox 909 5161 956 5218; x_wconf 89' lang='lat' dir='ltr'>Dei</span> <span class='ocrx_word' id='word_1_612' title='bbox 971 5160 1055 5216; x_wconf 87' lang='lat' dir='ltr'>nostri</span> <span class='ocrx_word' id='word_1_613' title='bbox 1074 5158 1102 5214; x_wconf 90' lang='lat' dir='ltr'>iu</span> <span class='ocrx_word' id='word_1_614' title='bbox 1115 5168 1204 5212; x_wconf 82' lang='lat' dir='ltr'>naortte</span> <span class='ocrx_word' id='word_1_615' title='bbox 1219 5165 1311 5211; x_wconf 90' lang='lat' dir='ltr'>sancto</span> <span class='ocrx_word' id='word_1_616' title='bbox 1327 5156 1394 5212; x_wconf 88' lang='lat' dir='ltr'>eius.</span> 
     </span>
     <span class='ocr_line' id='line_1_113' title="bbox 944 5238 1698 5306; baseline -0.017 0"><span class='ocrx_word' id='word_1_617' title='bbox 944 5251 1061 5306; x_wconf 90' lang='lat' dir='ltr'>Dilutaus</span> <span class='ocrx_word' id='word_1_618' title='bbox 1074 5248 1252 5305; x_wconf 81' lang='lat' dir='ltr'>exultationes</span> <span class='ocrx_word' id='word_1_619' title='bbox 1270 5246 1403 5300; x_wconf 80' lang='lat' dir='ltr'>uninersa</span> <span class='ocrx_word' id='word_1_620' title='bbox 1418 5241 1519 5298; x_wconf 73' lang='lat' dir='ltr'>terrae*</span> <span class='ocrx_word' id='word_1_621' title='bbox 1531 5254 1608 5296; x_wconf 88' lang='lat' dir='ltr'>orons</span> <span class='ocrx_word' id='word_1_622' title='bbox 1621 5238 1698 5306; x_wconf 85' lang='lat' dir='ltr'>Sion,</span> 
     </span>
     <span class='ocr_line' id='line_1_114' title="bbox 909 5336 1475 5412; baseline -0.018 -12"><span class='ocrx_word' id='word_1_623' title='bbox 909 5345 991 5399; x_wconf 88' lang='lat' dir='ltr'>lutera</span> <span class='ocrx_word' id='word_1_624' title='bbox 1007 5342 1156 5412; x_wconf 76' lang='lat' dir='ltr'>Aquilonis,</span> <span class='ocrx_word' id='word_1_625' title='bbox 1173 5338 1267 5395; x_wconf 86' lang='lat' dir='ltr'>ciuitas</span> <span class='ocrx_word' id='word_1_626' title='bbox 1281 5339 1361 5409; x_wconf 74' lang='lat' dir='ltr'>Degis</span> <span class='ocrx_word' id='word_1_627' title='bbox 1373 5336 1475 5407; x_wconf 72' lang='lat' dir='ltr'>tungrii.</span> 
     </span>
     <span class='ocr_line' id='line_1_115' title="bbox 944 5422 1699 5504; baseline -0.016 -15"><span class='ocrx_word' id='word_1_628' title='bbox 944 5435 1014 5489; x_wconf 83' lang='lat' dir='ltr'>Deus</span> <span class='ocrx_word' id='word_1_629' title='bbox 1038 5434 1065 5489; x_wconf 91' lang='lat' dir='ltr'>in</span> <span class='ocrx_word' id='word_1_630' title='bbox 1092 5432 1218 5504; x_wconf 76' lang='lat' dir='ltr'>gradibus</span> <span class='ocrx_word' id='word_1_631' title='bbox 1242 5429 1301 5486; x_wconf 90' lang='lat' dir='ltr'>cius</span> <span class='ocrx_word' id='word_1_632' title='bbox 1332 5426 1516 5485; x_wconf 71' lang='lat' dir='ltr'>disuescatur*</span> <span class='ocrx_word' id='word_1_633' title='bbox 1533 5440 1594 5482; x_wconf 91' lang='lat' dir='ltr'>cum</span> <span class='ocrx_word' id='word_1_634' title='bbox 1612 5422 1699 5478; x_wconf 83' lang='lat' dir='ltr'>susci·</span> 
     </span>
     <span class='ocr_line' id='line_1_116' title="bbox 909 5529 1016 5599; baseline -0.009 -16"><span class='ocrx_word' id='word_1_635' title='bbox 909 5529 961 5599; x_wconf 89' lang='lat' dir='ltr'>pict</span> <span class='ocrx_word' id='word_1_636' title='bbox 976 5542 1016 5582; x_wconf 86' lang='lat' dir='ltr'>co.</span> 
     </span>
     <span class='ocr_line' id='line_1_117' title="bbox 943 5606 1701 5687; baseline -0.017 -12"><span class='ocrx_word' id='word_1_637' title='bbox 943 5620 1073 5687; x_wconf 83' lang='lat' dir='ltr'>Quoniam</span> <span class='ocrx_word' id='word_1_638' title='bbox 1094 5631 1156 5672; x_wconf 89' lang='lat' dir='ltr'>ecce</span> <span class='ocrx_word' id='word_1_639' title='bbox 1175 5629 1250 5686; x_wconf 75' lang='lat' dir='ltr'>roges</span> <span class='ocrx_word' id='word_1_640' title='bbox 1275 5625 1354 5672; x_wconf 76' lang='lat' dir='ltr'>torre</span> <span class='ocrx_word' id='word_1_641' title='bbox 1388 5609 1541 5684; x_wconf 72' lang='lat' dir='ltr'>congregati</span> <span class='ocrx_word' id='word_1_642' title='bbox 1568 5606 1658 5665; x_wconf 64' lang='lat' dir='ltr'>sttuti¹</span> <span class='ocrx_word' id='word_1_643' title='bbox 1673 5613 1701 5664; x_wconf 89' lang='grc' dir='ltr'>ιι</span> 
     </span>
     <span class='ocr_line' id='line_1_118' title="bbox 909 5707 1234 5770; baseline -0.015 0"><span class='ocrx_word' id='word_1_644' title='bbox 909 5718 1090 5770; x_wconf 83' lang='lat' dir='ltr'>cotinenctunt</span> <span class='ocrx_word' id='word_1_645' title='bbox 1099 5707 1127 5765; x_wconf 91' lang='lat' dir='ltr'>in</span> <span class='ocrx_word' id='word_1_646' title='bbox 1141 5722 1234 5765; x_wconf 82' lang='lat' dir='ltr'>utrum.</span> 
     </span>
    </p>
   </div>
   <div class='ocr_carea' id='block_1_30' title="bbox 0 0 1904 6224">
    <p class='ocr_par' dir='ltr' id='par_1_55' title="bbox 0 0 1904 6224">
     <span class='ocr_line' id='line_1_119' title="bbox 0 0 1904 6224; baseline 0 0"><span class='ocrx_word' id='word_1_647' title='bbox 0 0 1904 6224; x_wconf 95' lang='lat' dir='ltr'> </span> 
     </span>
    </p>
   </div>
  </div>
 </body>
</html>
