3758 6224
69 353 71 357 ’
130 335 181 394 ’bl

202 449 331 507 virissimi
345 458 372 507 et
383 448 498 506 blasima

198 542 319 612 lolioque
329 543 430 598 sororis
446 542 511 597 ildcs

233 632 340 688 Exultat
353 633 380 688 in
396 631 437 686 bis
449 632 566 688 Trinitas

200 723 297 792 impari
308 723 362 780 leto
376 738 505 790 numero,

199 813 291 868 Polum
301 813 418 884 repletur
427 812 524 883 gaudio

198 905 235 962 bo
244 905 381 960 martirum
392 905 538 961 consortio.

231 994 363 1052 Trsttntur
376 996 409 1051 ad
423 997 583 1067 supplicium

198 1085 257 1140 Nati
270 1097 349 1156 gente
363 1086 508 1153 nobilium;

197 1177 232 1234 Se
244 1177 346 1234 nobiles
359 1192 419 1234 esse
432 1178 553 1247 credmt,

193 1266 258 1323 blori
272 1267 295 1323 si
311 1277 419 1339 possent
433 1283 481 1338 pro
492 1266 617 1324 bomine.

232 1356 323 1412 Parari
336 1373 417 1426 penas
430 1360 542 1427 imperat

192 1444 259 1499 burn
273 1445 362 1502 iremit
373 1448 469 1517 impius
480 1448 571 1517 luder,

194 1534 306 1591 Sanctus
319 1537 427 1594 turbare
438 1540 541 1606 nititur,

192 1625 264 1695 Quos
278 1628 407 1697 conspicit
418 1628 576 1686 immobiles.

112 1774 121 1782 ,
230 1721 434 1789 Suspendunmr
445 1723 538 1778 eculeo

192 1808 285 1865 Crucis
299 1813 395 1866 annali
407 1813 505 1867 resilio

194 1901 245 1954 l‘ro
255 1915 317 1972 rege
330 1903 412 1958 sitam
425 1916 525 1972 ponere

193 1989 270 2045 biorti
283 1991 375 2048 ideles
387 1995 500 2050 animas.

225 2085 379 2156 blerguntnr
391 2101 491 2157 equore
506 2096 583 2144 vasto

191 2174 268 2230 Saxis
281 2176 349 2230 rolla
361 2175 545 2247 prementibus

190 2266 303 2322 lleloces
311 2266 410 2323 Christi
421 2268 521 2324 milites

190 2359 243 2415 0ra
256 2368 367 2430 tangunt
380 2375 460 2431 quam
475 2361 600 2430 remiges.

224 2450 308 2507 lasea
322 2452 442 2523 caripdis
455 2451 568 2508 reddidit

191 2541 327 2612 olisipona
342 2541 440 2598 meruit

191 2632 316 2687 Extrema
328 2641 399 2688 terre
414 2631 504 2687 linium

187 2722 290 2779 Cruore
302 2722 383 2791 pollet
396 2723 546 2777 martirum.
627 2757 630 2762 -

225 2815 288 2871 lude
302 2823 391 2884 grates
408 2815 584 2884 persolvimus

187 2906 245 2963 Ttbt
260 2906 314 2962 lieo
326 2907 442 2962 almiilco

188 2997 215 3051 ln
229 2997 356 3053 Trinitate
368 2997 459 3065 unico,

184 3087 235 3154 Qui
247 3086 295 3142 das
305 3087 404 3143 sanctis
418 3087 556 3143 auxilium.

219 3176 259 3233 0b
273 3178 325 3233 boc
340 3193 487 3247 precamur,
502 3178 626 3248 bomine,

62 3315 68 3326 .
188 3270 215 3324 ln
232 3269 327 3324 borum
341 3268 406 3323 iesta
421 3270 559 3324 martirum

190 3360 256 3415 lota
269 3368 425 3417 cunctorum
440 3361 540 3430 accipe,

189 3450 221 3504 Et
236 3465 288 3520 que
303 3458 415 3519 poscunt
428 3450 562 3506 adtribue.

223 3544 361 3600 Pressa...

661 385 665 392 .
733 330 946 393 nnottsntbtt
966 329 1155 394 dblltlctitl.

930 446 956 506 Α
1037 450 1140 508 'lemos
1152 453 1255 522 pariter
1268 470 1400 530 cesosque

1038 541 1125 600 lirens
1139 543 1247 604 flamma
1259 549 1371 605 cruciat.

1069 631 1134 689 lnde
1146 633 1231 689 oculis
1245 637 1347 693 evulsis

1035 719 1198 780 Cateuorum
1212 727 1310 797 capita,

1036 811 1185 871 Nemorum
1201 831 1321 888 conpage
1334 819 1423 876 soluta

1033 902 1128 963 serrat
1142 909 1211 965 bone
1223 910 1377 978 cmdeiitas,

1032 995 1162 1054 conteret
1175 999 1279 1070 piorum
1291 1017 1353 1059 ossa

1032 1082 1065 1138 Et
1079 1085 1192 1142 medulla
1207 1097 1362 1158 penetrans.

949 1176 980 1233 ²,
1068 1172 1182 1232 Dextera
1197 1181 1310 1248 protecti
1326 1179 1428 1239 Christi

1035 1263 1093 1319 Non
1110 1267 1206 1322 timent
1220 1268 1354 1338 incendia,

1034 1356 1159 1424 sngettra
1173 1350 1305 1416 medicine

1032 1445 1221 1504 lielormanlur
1235 1450 1346 1520 lumina,

1034 1536 1231 1611 Conlractaque
1245 1542 1400 1615 solidantur,

1032 1629 1064 1683 Et
1078 1639 1208 1687 curantur
1220 1633 1341 1692 rulucra.

1066 1717 1162 1789 Stupet
1175 1721 1293 1779 tirannus
1305 1727 1382 1784 valde

1035 1808 1119 1865 'lanta
1134 1811 1161 1867 io
1176 1815 1304 1871 miracula

1028 1899 1094 1957 Cum
1109 1902 1256 1963 incolomes
1270 1909 1384 1978 rideret,

1030 1983 1103 2047 Quos
1118 1984 1207 2054 perire
1222 1987 1354 2058 iusserat;

1029 2072 1148 2140 Qttaiiter
1160 2075 1289 2134 vicissent
1302 2089 1396 2138 cuncta

1031 2161 1236 2222 Tormentornm
1250 2183 1360 2239 genera.

1062 2253 1103 2309 liii
1120 2254 1251 2326 patienter
1263 2259 1365 2331 lerunt,

1027 2344 1101 2412 Qtrod
1117 2347 1234 2405 lurcntes
1247 2351 1374 2425 inierunt,

1024 2433 1143 2494 wadios
1158 2440 1228 2509 quod
1243 2444 1416 2514 proconisso

1026 2523 1112 2583 'lanta
1123 2530 1167 2599 qui
1182 2532 1360 2607 pertulerant,

1025 2612 1126 2674 Cellius
1140 2619 1281 2691 adquirant
1295 2625 1368 2682 luera

1025 2704 1083 2771 Que
1097 2706 1220 2767 fruuntur
1232 2712 1337 2784 iugiter.

1059 2793 1172 2863 Quidam
1187 2814 1233 2856 cer
1239 2803 1340 2861 nebant
1354 2809 1448 2866 uenire

1025 2885 1105 2940 llissa
1118 2889 1171 2943 celi
1186 2905 1309 2961 monera,

1023 2976 1185 3048 Angelorum
1203 2999 1299 3057 magna
1313 2989 1391 3046 turba

1024 3067 1135 3126 Sursum
1147 3079 1355 3148 expectantium,

1027 3158 1059 3216 Ut
1072 3170 1226 3220 sanctorum
1241 3180 1382 3226 coronaret

1026 3251 1148 3309 Gloriosa
1162 3256 1260 3327 capita.

1057 3335 1183 3396 Adestote
1197 3345 1280 3401 sancti
1294 3345 1341 3403 bei

1023 3427 1190 3499 Supplicanti
1209 3437 1307 3506 populo

1025 3516 1058 3572 lit
1072 3524 1222 3589 petentibus
1236 3528 1345 3596 prebete

1019 3606 1156 3675 Quesitum
1171 3616 1327 3686 remedium,

115 3633 212 3691 lntnnr
224 3636 250 3690 in
261 3636 327 3690 diem
334 3644 482 3691 sanctorum
490 3635 747 3705 faurrinnandin
758 3637 898 3696 Martialis.

1024 3705 1143 3776 liepnrtm
1160 3714 1188 3760 ut
1203 3709 1396 3778 participentur

250 3713 420 3787 [ffiilltriste
442 3730 489 3771 rer
506 3716 597 3771 mundi
613 3715 747 3791 Creator]

225 3805 357 3861 llistlcuut
372 3806 457 3862 melos
471 3807 615 3875 persoluat,
1023 3793 1116 3928 veiam
1130 3793 1156 3849 1¹¹
1169 3799 1314 3856 consortio.

186 3894 220 3950 Et
233 3895 343 3951 adtollat
355 3896 477 3953 laudibus
1089 3886 1206 3931 'effluo

299 3986 305 3998 ι
516 3989 523 4002 ο
1045 3952 1062 4019 i
1076 3992 1082 4007 .
1097 3952 1245 4012 iustorum.

185 3987 266 4132 &0¹³⁵
280 3979 365 4042 d¹⁰²¹²
381 3988 436 4091 9Ῠο
451 3989 535 4058 pw't
1016 4044 1110 4102 lmnus
1123 4047 1151 4101 in
1164 4049 1230 4103 diem
1242 4060 1389 4108 unctorum
1403 4052 1495 4113 Carme
1504 4069 1530 4116 et
1543 4058 1674 4123 nantum.

210 4088 219 4132 t
233 4077 333 4133 bonore
345 4077 436 4134 debito

186 4167 301 4224 ymnum
315 4169 428 4227 dulciter
440 4170 582 4229 demutent
987 4132 1065 4191 Plebs
1079 4135 1134 4192 lieo
1148 4136 1235 4195 dicata
1248 4140 1366 4208 pollens.
1382 4142 1417 4201 ttr
1431 4146 1458 4202 in
1471 4164 1561 4207 eorum
1583 4153 1730 4216 mm,

310 4263 315 4274 ,
506 4270 511 4280 ,
993 4226 1029 4295 y.
1044 4225 1174 4283 Pretiosa.

185 4261 239 4334 [CV]
253 4261 360 4367 chf{⁵²⁰
372 4264 551 4370 ⁰¹1P⁸¹⁰⁰m⁰¹
998 4314 1092 4372 liunus
1102 4319 1128 4372 in
1145 4320 1211 4374 diem
1224 4332 1368 4380 tunctorum
1383 4326 1510 4386 Seroondi
1520 4340 1545 4388 et
1558 4333 1688 4396 Germani.

220 4352 272 4409 Pro
286 4356 426 4425 irrumpitis
440 4358 577 4415 beatorum

183 4442 283 4508 Fausti,
298 4443 426 4512 ianuarii,

183 4530 339 4600 lentiusque
356 4531 499 4601 Martialis;

183 4623 212 4676 ln
226 4637 310 4691 agone
323 4623 445 4679 uicerunt

181 4709 338 4766 Trinitatem
351 4712 502 4771 eoodteodo

181 4805 302 4876 Suscepti
317 4808 445 4866 martirio.

218 4882 291 4956 ulca
304 4899 456 4960 desanaus
471 4904 557 4964 daem

182 4989 323 5047 Beatorum
342 4993 434 5061 titulis,

182 5082 300 5151 Qualiter
314 5085 436 5143 uicerunt
450 5090 552 5151 bostem

181 5174 244 5231 Suis
258 5190 318 5230 com
332 5168 478 5249 suppliciis,

189 5263 343 5322 Trinitatem
359 5268 513 5331 conlitendo

182 5357 276 5428 Adepti
290 5371 352 5414 sunt
364 5363 471 5430 gaudio.

216 5448 337 5506 Manibus
346 5464 472 5509 cruentus
485 5453 568 5512 bostis

181 5539 246 5593 Cum
260 5541 342 5595 atroci
358 5544 454 5609 uupula

179 5626 340 5686 Consecrats
356 5633 491 5691 beatorum

180 5715 285 5774 htaiari
298 5733 421 5794 corpora,

1164 4410 1173 4483 l
1187 4408 1328 4484 {Christe
1339 4433 1386 4474 rex
1403 4422 1520 4495 mnndi]

911 4476 940 4541 Ι)
985 4495 1726 4655 ξὴτῐὲιετοῑυεῐῐοηειιοιοωω.θείηιοηιηῐοείυῑιαιι

1013 4616 1025 4639 ».
1063 4589 1212 4649 saltabunt.

947 4674 1044 4733 imaus
1057 4679 1084 4735 in
1098 4682 1164 4737 diem
1176 4696 1322 4742 sanctorem
1340 4689 1456 4746 Vincenti
1470 4691 1569 4751 Sabine
1580 4706 1606 4753 et
1620 4696 1726 4755 Canni.

984 4768 1040 4824 lluc
1055 4786 1101 4828 vos
1116 4777 1235 4844 pratiilce
1251 4779 1326 4850 plebs
1340 4781 1383 4852 pla
1398 4795 1541 4843 conuocat.
1557 4786 1593 4845 ln
1610 4791 1639 4847 ia
1650 4807 1728 4847 mn

946 4855 1103 4916 Festioitote.

988 4939 1026 5008 i.
1041 4940 1075 4996 lit
1088 4956 1178 5012 supra.

1052 5018 1149 5076 lmnus
1163 5025 1188 5077 in
1203 5026 1270 5082 diem
1279 5031 1362 5085 suncti
1376 5030 1483 5090 Martini
1494 5038 1610 5109 eptmpr·

998 5107 1110 5168 llartinc
1132 5114 1271 5173 confessor
1285 5120 1342 5176 liei.
1359 5121 1392 5178 lit
1405 5124 1432 5179 in
1447 5127 1504 5197 ejas
1520 5128 1676 5190 Fertisitsts.

1176 5208 1243 5262 ltent
1258 5210 1332 5267 Ymnr'
1345 5216 1378 5269 de
1390 5215 1505 5277 Sanctis.

981 5293 1138 5352 Sanctorum
1151 5302 1252 5357 meritis
1266 5303 1357 5363 inclite
1366 5310 1462 5379 gaudia

1016 5385 1166 5456 Pangamus
1177 5393 1242 5447 socii
1257 5405 1383 5466 gestaque
1396 5401 1474 5458 torua

978 5473 1045 5531 liam
1059 5476 1147 5546 gliscit
1161 5483 1266 5539 animus
1280 5501 1405 5556 promere
1417 5495 1540 5555 cantibus

1051 5567 1185 5627 Victorum
1200 5590 1284 5645 genus
1298 5580 1428 5641 obtimum

980 5654 1020 5712 llil
1034 5668 1096 5714 suut
1108 5675 1175 5731 quos
1189 5667 1309 5726 retinens
1321 5674 1436 5732 mundus
1450 5677 1564 5739 inorruit

1017 5749 1105 5821 ipsum
1118 5767 1179 5812 nam
1192 5761 1277 5818 sterili
1291 5761 1357 5823 doro
1370 5780 1417 5837 per
1430 5771 1542 5828 arduom
