3758 6224
63 359 117 414 atr

66 469 247 526 Ecclesiarunt
260 467 400 536 deputatos
416 465 548 534 principes

103 564 161 619 Sint
175 570 347 617 sacrosancto
360 559 508 614 consecrati
528 556 643 626 unguine

65 658 125 711 Sint
138 653 286 711 sanctitatis
300 652 465 723 prenitentes
479 650 603 720 lampade

64 742 283 813 Compunctiunis
297 740 483 810 compluantur
496 753 606 797 munere

66 835 250 892 Confessionis
263 833 425 889 innobentur
439 831 545 888 cantico

64 928 144 984 Omni
157 927 264 997 repulso
277 926 419 981 criminum
433 923 557 994 contagio

97 1017 156 1073 Sint
170 1032 249 1072 carne
263 1015 320 1085 puri
327 1015 385 1071 sint
398 1022 426 1070 et
440 1013 505 1070 bore
516 1011 607 1082 lulgidi

64 1107 125 1162 Sint
137 1106 264 1178 ospitales
275 1106 330 1163 sint
341 1113 463 1161 amantes
475 1105 589 1160 invicem

64 1200 155 1270 Signis
169 1209 309 1256 coruscent
321 1198 465 1255 sanitatum
477 1205 614 1266 compotes

66 1292 171 1348 Virtute
185 1292 285 1362 pellant
299 1291 408 1360 spiritus
426 1290 550 1346 demonia

65 1382 101 1439 Et
115 1385 232 1440 veritatis
244 1384 431 1440 convalescunt
444 1381 527 1452 gravia

104 1475 213 1530 Retorta
224 1474 310 1531 bissus
325 1473 454 1530 castitatis
466 1471 565 1543 iulgide

65 1568 98 1622 Et
113 1566 221 1623 unitatis
239 1567 336 1638 punice
350 1564 493 1621 eoncordia

66 1660 250 1715 indesinenter
263 1659 344 1715 corda
360 1659 454 1713 luorum
470 1655 590 1727 repleant

66 1749 125 1814 bue
137 1749 201 1804 dium
213 1757 334 1819 patenter
347 1748 481 1803 mentibus
492 1744 636 1802 insederint

67 1842 182 1897 adstare
198 1848 306 1910 possent
319 1839 416 1896 Christi
431 1839 464 1893 ad
479 1852 551 1893 aram
570 1835 646 1891 liberi

99 1934 192 1990 Sirbis
205 1940 322 2003 potestas
336 1940 364 1987 et
377 1931 460 2000 ligare
473 1939 500 1985 et
512 1929 618 1984 solbere

64 2024 229 2095 llpiscopalis
240 2022 338 2093 prohra
353 2019 498 2093 previlegio

62 2116 164 2173 Curare
178 2115 286 2170 morbos
304 2126 447 2184 corporum
460 2110 502 2166 vel
517 2109 651 2167 mentibus

62 2206 261 2277 Compassionis
274 2203 344 2261 serre
367 2201 546 2260 testimoninm

62 2300 174 2354 Portare
187 2306 289 2353 motum
304 2295 358 2352 litis
373 2305 432 2353 orte
444 2294 599 2351 scandalum

99 2390 133 2444 bt
145 2389 178 2445 de
191 2387 307 2459 peractis
320 2385 469 2443 sanctitatis
487 2385 609 2442 curslhut

62 2480 122 2535 lite
135 2493 262 2535 coronam
277 2492 329 2549 qua
343 2477 440 2549 parasti
459 2476 583 2533 omitibul

60 2572 100 2626 Te
114 2569 220 2628 Christe
235 2585 298 2626 vero
312 2568 393 2626 corde
405 2566 579 2639 diligentibus

62 2664 112 2718 llic
126 2671 323 2733 consequantur
338 2668 398 2731 post
412 2659 562 2729 triumphos
575 2658 658 2715 seculi

62 2754 157 2824 negno
172 2752 281 2823 perenni
294 2747 470 2808 consecrandi
485 2750 615 2821 perpetim

95 2845 136 2903 Sit
151 2845 272 2901 Trinitati
287 2844 450 2915 sempiterna
461 2841 545 2914 gloria

61 2934 205 3005 honorque
219 2949 311 2990 sumus
324 2942 353 2990 et
366 2942 483 3003 peresus
498 2931 588 2988 inclita

59 3025 119 3092 Quc
131 3025 246 3082 Trinitas
257 3023 334 3081 Pater
344 3022 483 3094 Patrisque
497 3022 581 3079 Filius

58 3119 128 3171 Cum
141 3117 235 3187 spiritu
255 3131 322 3172 unus
337 3116 408 3172 heus
422 3114 572 3171 substantia

59 3209 113 3264 Per
124 3217 219 3266 cuncta
234 3216 326 3279 regnat
337 3208 363 3262 in
378 3207 529 3263 seculorum
541 3204 642 3261 secula.

244 3298 340 3356 Ymnur
359 3298 562 3355 inordinatione
581 3297 658 3367 regis.

167 3392 261 3449 inclite
271 3392 326 3448 lies
342 3406 437 3461 magne
450 3405 543 3462 regum

131 3488 307 3543 Consecrator
326 3485 474 3556 principum

131 3578 236 3634 terius
251 3579 327 3649 signa
343 3577 428 3632 Patris

131 3670 239 3726 Christe
249 3684 312 3726 vero
324 3669 451 3724 crismate

130 3761 191 3830 Quo
203 3763 308 3820 labente
322 3775 402 3832 regna
416 3760 514 3816 durant

131 3857 226 3925 Adque
240 3869 330 3926 regem
344 3853 477 3924 imperant

169 3945 271 4002 Provee
284 3959 396 4014 regnum
410 3943 500 4000 lldelis

132 4037 264 4109 Principis
273 4036 306 4093 ad
321 4037 432 4109 gloriam

133 4128 255 4199 Uirguine
269 4142 346 4184 sacro
359 4129 471 4185 nitescat

131 4222 278 4277 Sanctitate
290 4219 384 4275 doreat

133 4311 241 4382 l'ulgeat
256 4311 310 4368 vite
323 4323 423 4366 corona

132 4403 235 4459 Palleat
248 4402 388 4459 clementia

167 4493 284 4550 Gaudeat
296 4507 357 4548 eum
369 4493 447 4563 plebe
460 4500 532 4550 totus

31 4654 33 4657 v
131 4584 198 4640 Tuta
212 4584 286 4655 plebs
297 4598 357 4639 cum
372 4585 492 4656 principe

132 4677 173 4733 Sit
187 4677 245 4732 dies
259 4677 355 4732 vratalls
369 4675 448 4733 huius

132 4768 234 4826 Periata
249 4770 345 4842 gaudio

131 4863 172 4918 Sit
182 4863 232 4935 piis
242 4863 353 4920 omnino
365 4864 433 4921 rotis

130 4954 212 5010 Plena
226 4955 359 5012 exultatio

166 5042 201 5100 Ut
217 5045 258 5116 pie
269 5047 385 5105 tenendo
399 5064 511 5121 reguum

129 5139 216 5207 Quum
231 5140 317 5197 beatis
335 5142 454 5198 moribus

131 5232 160 5286 ln
175 5232 272 5302 quibus
288 5247 357 5289 nunc
368 5233 534 5305 principatur

130 5325 176 5380 Sic
188 5326 328 5382 modestus
342 5327 455 5396 imperet

131 5417 190 5474 lluo
202 5414 282 5469 simvvl
292 5430 353 5472 cum
370 5414 412 5471 bis
423 5415 523 5473 truatur

130 5507 299 5575 sempiterno
311 5523 423 5564 munere

327 5599 360 5656 In
371 5603 493 5657 natalicio
506 5605 581 5677 rrqlr.

170 5691 237 5747 dotti
253 5694 379 5761 perhacto
393 5692 493 5751 circulo

130 5783 202 5841 Ades
215 5785 271 5844 dles
282 5787 413 5845 celebrior

722 351 803 409 itini
824 350 1039 411 ndznnnnict.

867 463 894 524 Δ
977 465 1070 521 Nataie
1085 464 1161 522 nohis
1176 467 1302 537 principis

978 559 1051 614 Nuba
1065 560 1165 615 recursi
1184 562 1311 632 temporis

1014 652 1072 719 Quo
1085 653 1177 708 matris
1189 654 1252 709 also
1266 655 1387 724 proditus
1505 697 1513 714 .

979 745 1250 815 Diempetiritsecull

978 835 1112 908 lucisque
1126 837 1206 894 huius
1218 851 1268 909 pro
1280 838 1325 896 die

978 927 1088 983 lutrasit
1101 937 1190 985 ortum
1210 932 1332 988 nesciens

1014 1016 1090 1072 llunc
1102 1026 1130 1074 tu
1140 1029 1246 1076 creator
1257 1021 1358 1078 obtime

978 1105 1123 1163 Cunalibus
1134 1108 1244 1165 infantie

980 1197 1089 1253 lectum
1103 1213 1151 1269 per
1165 1213 1226 1255 oras
1240 1207 1389 1270 tenipurunr

980 1288 1049 1363 {cvr}
1063 1290 1212 1347 Perfectum
1227 1293 1303 1349 ahtan
1318 1292 1443 1354 invisunt

1032 1381 1116 1451 Quem
1127 1382 1277 1455 disciplinis
1289 1384 1380 1441 erudis

980 1473 1069 1530 Gratis
1084 1490 1214 1549 peragens
1228 1477 1352 1534 sensibus

980 1564 1132 1623 llaturitate
1147 1569 1275 1637 temporis

981 1656 1087 1714 llovvore
1100 1658 1170 1715 ditas
1181 1659 1254 1731 regio

1015 1750 1056 1808 0b
1069 1751 1119 1809 hoc
1134 1753 1202 1809 heus
1216 1763 1243 1810 te
1257 1754 1390 1824 poscimus

872 1828 899 1890 B
979 1841 1014 1897 Ut
1024 1840 1103 1898 huius
1117 1843 1189 1898 adsis
1209 1844 1347 1914 questibus

978 1930 1048 1987 Pabe
1060 1941 1198 2005 rogantem
1210 1948 1320 1990 munere

977 2021 1115 2079 Poscentis
1130 2023 1241 2080 audiens
1256 2039 1373 2094 precatu.

905 2111 1002 2168 Ymnnr
1017 2116 1048 2170 dr
1060 2117 1217 2186 profectione
1230 2117 1356 2171 exercitus
1368 2117 1413 2184 qui
1424 2131 1501 2185 ntqer
1516 2115 1541 2170 in
1555 2111 1697 2172 tunsione

1075 2205 1198 2262 dicendos
1212 2216 1248 2262 est
1263 2206 1349 2262 diebus
1363 2207 1527 2263 letnrriarnnt.

819 2301 821 2306 '
940 2294 963 2350 0
978 2309 1069 2350 verum
1080 2296 1199 2366 regimen
1211 2297 1317 2353 Christe
1332 2297 1449 2352 lldeliunr
1481 2304 1486 2313 '

905 2386 955 2454 Qui
968 2388 1021 2442 rita
1036 2388 1080 2443 ria
1094 2403 1124 2445 es
1138 2387 1189 2444 hac
1201 2389 1243 2459 pia
1257 2389 1356 2445 veritus
1400 2413 1402 2418 ·

905 2477 1033 2532 Lustrans
1046 2479 1190 2549 conspicuo
1201 2479 1302 2536 lumine
1311 2478 1435 2535 credulos

976 2567 1130 2625 Obscuram
1140 2583 1244 2639 qunque
1258 2567 1375 2640 perlldos

941 2656 981 2712 Tu
992 2671 1021 2712 es
1037 2658 1150 2729 unigena
1163 2659 1231 2714 aluta
1246 2659 1376 2715 redemtio

905 2749 945 2804 Tu
959 2765 1037 2806 verus
1051 2749 1156 2820 genitor
1171 2764 1273 2822 nosque
1284 2751 1404 2807 clientuli

905 2841 988 2897 Tante
1001 2841 1119 2898 lacrimis
1135 2851 1241 2912 pectora
1257 2841 1394 2899 tundimus

976 2930 1086 2987 intende
1098 2931 1142 3002 pie
1155 2931 1289 3003 supplices

941 3021 1068 3078 [lectores
1083 3022 1195 3079 humiles
1206 3036 1350 3093 quesumus
1361 3024 1446 3092 patrie

904 3113 971 3168 Cum
984 3113 1087 3170 cunctis
1099 3113 1206 3169 sibimet
1220 3114 1343 3185 plebibus
1353 3114 1462 3170 creditis

867 3188 890 3249 C
907 3203 1013 3260 Dirccto
1026 3203 1124 3260 itinere
1135 3202 1226 3260 inclite
1239 3205 1329 3261 ducito

978 3294 1048 3351 hans
1061 3296 1133 3366 pacis
1147 3296 1216 3351 hona
1228 3298 1352 3353 omnihus

941 3386 1024 3460 llopsi
1039 3389 1083 3457 qui
1097 3388 1194 3443 latnulo
1205 3388 1238 3445 ed
1253 3404 1357 3460 precem
1375 3390 1479 3448 intuens

906 3479 982 3532 Ponti
996 3493 1129 3549 purpurea
1141 3494 1240 3551 equora
1251 3480 1372 3536 dividens

904 3569 1032 3626 Traducis
1046 3585 1147 3627 cuneos
1161 3569 1339 3629 israheliticos

974 3663 1079 3720 Siccato
1091 3665 1173 3720 maris
1186 3666 1264 3722 alveo

940 3754 972 3819 Et
986 3755 1029 3825 qui
1043 3754 1077 3809 ad
1093 3755 1200 3811 nicilum
1217 3757 1346 3827 principis
1360 3757 1433 3815 illius

904 3845 1030 3903 Faraonis
1041 3863 1108 3918 opus
1121 3849 1189 3904 calle
1201 3852 1343 3920 potissimo

902 3938 1036 3996 Calcando
1050 3940 1156 3996 rediens
1169 3945 1279 4012 impium
1290 3944 1354 4000 ilico

972 4031 1066 4088 llersis
1081 4032 1143 4087 litrla
1158 4034 1326 4104 superfluens
1437 4051 1441 4070 ¹

939 4124 1003 4180 Eius
1017 4125 1115 4195 quique
1130 4127 1188 4195 pius
1200 4128 1338 4196 questibus
1351 4143 1473 4184 annuens

904 4218 1041 4274 Frendens
1054 4219 1190 4289 prevalide
1206 4235 1267 4274 mox
1280 4221 1456 4277 truculentior

903 4310 1003 4366 Divinis
1014 4311 1125 4368 Amalec
1140 4310 1264 4379 plectitur
1279 4311 1394 4369 hictibus

973 4402 1125 4461 Consumtis
1135 4404 1191 4460 suis
1206 4405 1331 4460 omuibus

938 4495 997 4551 hur
1014 4506 1073 4552 esto
1086 4496 1205 4567 placidus
1219 4498 1259 4553 his
1273 4500 1326 4555 tuis
1337 4500 1450 4556 servulis

905 4587 994 4644 lirtus
1007 4588 1126 4659 angelica
1142 4589 1194 4646 illis
1208 4593 1316 4646 adereat

902 4683 999 4741 Custos
1013 4685 1129 4756 invigilet
1140 4685 1181 4740 his
1194 4693 1239 4741 tue
1252 4686 1337 4758 gloria

914 4826 916 4831 ,
970 4776 1020 4843 Qui
1032 4792 1061 4833 es
1073 4791 1175 4834 summa
1191 4778 1340 4850 benignitas

938 4865 972 4922 llt
986 4874 1119 4939 nmquam
1130 4870 1205 4924 vituli
1220 4871 1293 4940 plebs
1304 4878 1511 4929 tuacommeans

901 4960 941 5018 Er
954 4976 1033 5032 grege
1044 4963 1104 5021 lldei
1118 4963 1227 5019 ausibus
1242 4963 1333 5019 liberis

901 5051 999 5109 Gentes
1014 5051 1164 5109 barbaricas
1176 5053 1301 5109 cornibus
1314 5054 1423 5112 ventilet

973 5145 1011 5200 tie
1026 5147 1114 5216 planta
1131 5155 1199 5202 terat
1210 5145 1307 5216 impios

937 5239 1050 5295 llostiles
1062 5240 1132 5295 acies
1146 5241 1249 5310 telaque
1263 5239 1358 5296 bellica

901 5332 958 5400 Que
972 5330 1082 5387 lrustral
1096 5332 1215 5388 minitrat
1233 5330 1335 5405 [Parte¹
1359 5334 1456 5390 lrustra
1482 5333 1597 5410 minitati
1611 5337 1688 5396 turba

902 5512 928 5566 ln
943 5526 1034 5567 necem
1050 5511 1139 5582 populi
1150 5512 1259 5569 tendere
1271 5513 1359 5570 acrius

972 5602 1068 5678 Everte
1084 5603 1153 5659 heus
1164 5603 1283 5661 lvvrvditus

937 5695 1017 5752 Cuius
1029 5695 1144 5766 presidio
1159 5697 1265 5754 inclitus
1279 5698 1390 5771 belliger

902 5788 985 5847 David
998 5789 1179 5861 opiliomente
1193 5790 1352 5850 tirannidem

1487 5424 1655 5500 [satellitum]
