3758 6224
660 308 738 365 tulit
759 302 982 363 ttuzsttttttct.

91 449 160 508 sper
179 434 233 490 dies
253 429 379 488 Seductus
399 427 524 483 dicendus
537 426 564 479 in
584 423 841 497 Quadroqrssimud

292 502 326 556 ud
348 498 513 553 Mutudurum.

225 598 328 650 Aurora
344 592 397 648 iam
410 589 511 661 spargit
526 587 620 659 polum
731 610 733 616 s

184 692 277 749 Terris
290 691 349 746 dies
364 686 495 744 inlabitur

193 784 273 839 Lucis
286 782 400 838 resultet
412 778 543 848 spiculum

187 874 315 930 discedat
328 885 409 927 omne
423 868 554 925 lulsricum

224 967 367 1024 Fantasma
382 961 468 1018 noctis
482 959 588 1017 decidat

188 1062 286 1121 Mentis
298 1069 403 1117 reatum
417 1058 529 1113 subruet

187 1153 317 1224 Quicquid
332 1149 451 1208 tenebris
465 1144 557 1202 orrida

188 1248 246 1304 Nox
260 1244 360 1300 adtulit
372 1241 452 1311 culpe
465 1238 546 1294 cadat

229 1337 263 1394 tlt
276 1350 356 1391 mune
370 1333 431 1388 illut
442 1329 573 1384 ultimum

191 1431 267 1501 Quod
282 1427 463 1499 prestolamus
476 1420 574 1479 cernui

189 1526 217 1581 ln
231 1525 290 1580 luce
305 1522 384 1577 nobis
395 1519 489 1576 elduat

190 1615 258 1672 ilum
272 1614 324 1669 hoc
336 1625 435 1666 canora
448 1613 594 1676 concrepat

225 1705 317 1761 Gloria
330 1703 403 1759 Patri
416 1698 537 1772 ingenito

191 1796 284 1855 Gloria
297 1793 441 1863 Unigenitu

191 1889 249 1947 diua
263 1902 325 1943 cum
339 1886 439 1942 Sancto
452 1879 553 1950 Spiritu

190 1981 219 2039 ln
231 1980 396 2050 sempiterna
409 1972 513 2031 secula.

227 2074 324 2127 limen.

91 2168 182 2226 lusus
192 2167 218 2221 in
231 2159 474 2231 Quadrupessimcm
487 2170 533 2223 per
547 2153 601 2209 ties
614 2150 740 2209 scitatus

311 2236 346 2285 ad
366 2229 514 2300 Vesperum.

91 2330 183 2389 tissimi
196 2326 315 2383 Verbum
330 2319 431 2376 Patris.
446 2318 492 2389 sol.
507 2316 554 2373 ut.

91 2441 113 2480 ss
133 2420 255 2477 dicendus
268 2417 294 2471 in
310 2413 526 2481 dluedropcsslnm
536 2425 581 2481 per
595 2408 650 2463 diet
662 2404 811 2461 dominicos

296 2487 330 2541 ad
351 2483 520 2538 liutminum.

190 2583 228 2640 'ie
240 2580 307 2637 lucis
320 2586 414 2633 auctor
425 2581 553 2646 personet

158 2675 243 2730 liuius
255 2679 363 2726 caterua
374 2667 493 2724 carmina
504 2705 513 2732 ,

158 2765 243 2836 Quam
258 2773 286 2818 tu
299 2758 408 2830 replesti
421 2757 523 2830 gratia,

159 2856 303 2917 Anastasis
316 2853 448 2926 putentia.

195 2948 278 3005 Nobis
292 2944 350 3002 dies
364 2945 415 2999 uec
428 2939 518 2997 innuit

161 3038 237 3094 illem
250 3047 405 3104 supremum
417 3031 533 3094 sistere,

160 3131 247 3198 Quam
260 3136 381 3182 mortuos
394 3136 536 3195 resurgere

166 3221 278 3290 lliteque
288 3216 369 3272 lassis
381 3213 506 3271 reddere.

199 3309 300 3369 Octsba
314 3307 399 3379 prima
411 3303 543 3371 redditur,

164 3402 231 3460 uum
246 3414 319 3457 mors
331 3395 456 3453 habunda
471 3395 585 3462 tollitur,

165 3495 232 3550 uun
247 3499 339 3546 mente
351 3485 583 3551 circumcidimur,

164 3583 288 3654 donique
298 3580 408 3636 demum
422 3578 567 3634 nascimur.

198 3674 287 3743 Quum
301 3686 379 3727 mune
392 3678 512 3725 nostrum
524 3666 660 3724 cernimus

165 3766 278 3823 Redisse
291 3762 369 3820 viciis
381 3761 523 3826 hostibus,

167 3857 315 3929 Hundique
327 3857 419 3912 lurum
433 3854 594 3918 temnimus,

170 3950 271 4006 Panem
286 3946 380 4013 saturis
392 3944 563 4002 summimus.

202 4040 366 4098 ieiuniorum
380 4037 499 4094 victimis

170 4135 278 4205 Corpus
289 4134 398 4190 litamur
411 4129 507 4196 aridis,

170 4226 278 4295 Piisqua
291 4220 467 4295 parsimoniis

171 4318 262 4376 Sacris
273 4317 390 4385 putirnnr
401 4314 508 4369 hostiis.

208 4408 265 4464 ileo
275 4407 346 4463 alma
358 4407 393 4462 sit
405 4405 575 4462 sollemnitas

175 4498 217 4556 Sit
229 4498 305 4554 clara
318 4497 369 4554 uec
383 4496 530 4561 festivitas,

173 4591 216 4648 Sit
228 4590 323 4649 deciate
336 4589 441 4662 gaudiis

177 4686 240 4742 [lies
253 4684 365 4742 reducta
379 4681 414 4739 als
426 4680 532 4737 inieris.

209 4772 301 4832 Gloria
316 4773 388 4829 Patri
402 4771 539 4841 ingenito,

174 4866 267 4927 Gloria
280 4864 443 4937 unigenito,

179 4959 237 5017 llos
249 4973 311 5016 cum
323 4957 423 5014 Sancto
437 4953 537 5026 Spiritu

180 5050 209 5106 ln
221 5048 386 5118 sempiterne
397 5046 498 5102 secula.

211 5144 308 5199 tmen.

91 5236 181 5292 im
192 5234 221 5289 irs
235 5231 357 5287 mutasti
370 5229 411 5284 die
427 5227 492 5297 letto
505 5225 558 5281 side
573 5223 600 5277 in
616 5222 719 5277 daturo
734 5228 787 5275 tam

179 5305 214 5361 ccl
230 5303 372 5375 vesperum
386 5314 464 5371 quarn
478 5298 511 5352 ud
527 5293 696 5351 distulisent.

94 5394 192 5455 erbum
208 5392 297 5448 Patris
309 5389 379 5462 quod
392 5385 491 5458 prodiit
504 5385 604 5441 iactum
616 5396 690 5439 caro.
706 5379 755 5452 [ol.
770 5378 835 5437 252.

91 5485 214 5556 r.i'.ripe
227 5498 271 5541 me
284 5481 408 5538 Domine.

218 5595 317 5651 dorsus
336 5594 364 5648 in
380 5591 477 5647 desset
494 5586 656 5643 Pulmorust.

91 5691 190 5751 'usuris
203 5689 236 5746 sd
252 5689 334 5744 sitam
348 5699 455 5741 merum
468 5682 515 5739 liei
528 5692 622 5754 penus.
637 5677 685 5766 sol.
698 5674 765 5733 554.

91 5783 123 5850 l.
138 5780 237 5840 lenite
251 5778 300 5836 dlii
314 5775 406 5835 cudite
421 5786 477 5830 me.

988 416 1085 472 Ysrnsr
1098 418 1131 472 de
1150 416 1261 487 Vespera
1274 415 1301 469 io
1314 412 1384 469 Ceno
1398 408 1514 465 domini.

887 509 942 566 lam
957 509 1023 581 lepis
1037 509 1131 565 probra
1144 509 1286 565 clauditur.
1303 506 1350 578 sol.
1364 501 1428 560 555.

959 599 1042 676 [sets]
1053 599 1186 658 innuerit
1201 600 1395 656 detumuisse
1415 594 1529 650 demisi.

889 692 992 751 Psallat
1006 693 1120 749 altitudo
1132 693 1196 750 celi.
1213 692 1261 763 sol.
1274 688 1342 747 585.

1183 783 1216 839 ti
1231 782 1321 840 retra.

960 880 1029 936 Ecce
1039 894 1119 951 quam
1132 876 1235 951 [quern]
1250 876 1333 932 llatcs
1347 871 1461 930 vetustis

925 971 1110 1028 concinebant
1132 969 1251 1035 seculis,

925 1060 1011 1130 Quem
1025 1061 1217 1132 prophetarum
1233 1056 1326 1113 ddelcs

926 1154 1027 1224 Papius
1040 1150 1258 1224 spoponderant,

927 1245 1032 1302 Emicat
1046 1243 1195 1315 promissus
1209 1241 1295 1307 olim,

927 1335 1029 1392 Cuncta
1047 1335 1208 1392 conlaudent
1221 1348 1293 1389 enm.

964 1424 1089 1481 Cauurls
1103 1424 1192 1480 inlusa
1212 1423 1286 1479 limfa

929 1512 972 1571 su
986 1514 1119 1571 lalernum
1132 1515 1243 1582 nobile;
1271 1544 1276 1553 ·

929 1606 1038 1663 Nuntiat
1052 1608 1141 1663 sinum
1152 1606 1276 1663 minister

934 1698 999 1753 Esse
1009 1707 1142 1767 promtum
1155 1711 1188 1753 ex
1199 1693 1274 1766 ydria
1285 1710 1294 1760 ;

932 1789 993 1859 lpse
1006 1790 1064 1846 ilex
1077 1803 1174 1860 sapore
1185 1787 1276 1843 tinctis

932 1881 1104 1952 Obstupescit
1122 1878 1235 1950 poculis.

967 1972 1086 2028 Mensura
1100 1969 1354 2036 meritissimum,

932 2061 1070 2118 viscerum
1083 2060 1257 2132 putredines,

931 2152 1028 2208 diendo
1048 2161 1076 2206 ut
1089 2150 1254 2214 illusorum
1270 2145 1362 2218 inquid
1377 2161 1385 2199 ε

933 2244 976 2301 Fit
992 2252 1079 2298 ratum
1093 2240 1165 2312 quod
1184 2240 1322 2307 iusserat,

932 2335 1076 2407 Turpidam
1091 2343 1180 2389 eutem
1195 2343 1347 2402 repugnans

936 2428 1081 2487 vulnerum
1098 2427 1228 2499 piamina.

968 2521 1010 2577 Tu
1024 2519 1188 2591 perennibus
1202 2513 1320 2573 tettedris

933 2612 989 2669 lam
1001 2609 1107 2682 sepulta
1124 2607 1226 2664 lumina

935 2700 1028 2758 luliuis
1039 2700 1103 2755 limo
1117 2695 1217 2752 salubri
1229 2736 1237 2763 ,

936 2791 1014 2850 Sacri
1023 2789 1115 2845 odoris
1127 2797 1236 2843 nectare
1251 2827 1260 2856 ,

935 2882 996 2940 idox
1012 2879 1114 2951 apertis
1134 2893 1167 2934 ae
1186 2875 1301 2932 medulla

937 2974 995 3030 Lux
1010 2970 1120 3028 reducta
1134 2976 1175 3024 est
1188 2965 1308 3024 urbibus.

975 3062 1117 3131 increpans
1128 3066 1238 3114 uenturo
1255 3055 1389 3111 iurentem

938 3155 1015 3225 Quod
1030 3150 1155 3226 procellis
1169 3146 1289 3206 tristibus

884 3276 889 3283 ·
938 3249 1032 3308 ierim
1046 3260 1131 3318 equor
1143 3240 1294 3301 summouit
1307 3253 1394 3313 ymo,

940 3342 1025 3400 ieret
1035 3349 1063 3397 et
1073 3353 1167 3410 rapam
1182 3344 1267 3392 ratem
1280 3351 1287 3401 ;

939 3437 988 3496 lile
1000 3436 1077 3493 iussit
1092 3430 1280 3489 obsecundans

940 3527 1012 3584 llitis
1026 3526 1096 3582 uuda
1108 3520 1249 3579 sternitur.

1191 3661 1240 3720 lll
1255 3661 1343 3719 Feta.

979 3788 1113 3846 Extimum
1129 3785 1211 3840 restis
1223 3788 1328 3838 sacrate

944 3884 1046 3945 Furtim
1059 3880 1156 3938 mulier
1170 3874 1265 3946 adtigit
1280 3915 1289 3941 ,

945 3977 1070 4037 Protinus
1081 3972 1153 4028 salus
1166 3975 1255 4025 secuta
1268 3975 1330 4034 est,

946 4072 1018 4129 llore
1029 4067 1112 4140 pallor
1123 4061 1224 4120 deserit
1235 4103 1244 4129 ,

944 4163 1054 4221 sistitur
1067 4160 1140 4215 riuus
1154 4153 1259 4211 cruoris

944 4252 996 4322 Qui
1012 4250 1111 4307 dueum
1121 4244 1265 4318 perpetim.

984 4343 1063 4399 Exitu
1074 4338 1160 4396 dulcis
1172 4335 1299 4391 iubentus

949 4437 1065 4505 Raptum
1079 4430 1192 4486 obesum
1207 4425 1309 4500 [Ferte
1324 4415 1470 4495 ephesum]
1485 4415 1590 4473 viderat

950 4530 1021 4585 Orba
1035 4539 1113 4596 quem
1129 4530 1215 4577 mater
1228 4517 1362 4589 supremis

953 4617 1104 4679 funerabat
1119 4613 1246 4680 dotibus,
1328 4667 1333 4675 ,

953 4711 1039 4781 Surge
1053 4707 1132 4769 dixit,
1145 4706 1189 4760 illu
1200 4702 1306 4773 surgit,

833 4810 839 4820 '
953 4800 1030 4859 ldatri
1045 4809 1073 4856 et
1085 4797 1194 4852 adstans
1204 4795 1308 4849 retitur.

991 4899 1055 4956 Sole
1069 4898 1121 4953 inm
1132 4906 1229 4967 quartu
1245 4901 1381 4948 carentem
1399 4934 1408 4959 ,

962 4993 1017 5049 lam
1031 4989 1156 5060 sepulcro
1168 4984 1355 5042 absconditum

958 5083 1087 5139 Lazarum
1102 5079 1175 5134 iultet
1186 5077 1261 5132 viere

959 5168 1075 5226 lledtiito
1094 5163 1262 5237 spirantiue;

960 5257 1082 5316 Fetidum
1097 5256 1172 5311 iecur
1185 5253 1311 5309 reductus

960 5348 1063 5405 Rursus
1077 5346 1159 5400 instrat
1172 5342 1264 5398 alitus.

996 5447 1121 5507 Ambulat
1133 5460 1180 5515 per
1192 5451 1285 5512 stagna
1300 5437 1375 5510 ponii
1389 5476 1399 5505 ,

959 5544 1069 5601 Summa
1084 5536 1308 5595 enicatductuum
1323 5574 1331 5598 ,

960 5622 1280 5698 liobiiislicorprolundi

961 5727 1106 5788 Pendulam
1124 5728 1227 5797 prestat
1243 5718 1311 5774 riam

1592 264 1646 333 ⁸98
