<?xml version="1.0" encoding="UTF-8"?>
<!DOCTYPE html PUBLIC "-//W3C//DTD XHTML 1.0 Transitional//EN"
    "http://www.w3.org/TR/xhtml1/DTD/xhtml1-transitional.dtd">
<html xmlns="http://www.w3.org/1999/xhtml" xml:lang="en" lang="en">
 <head>
  <title>
</title>
<meta http-equiv="Content-Type" content="text/html;charset=utf-8" />
  <meta name='ocr-system' content='tesseract 3.04.00' />
  <meta name='ocr-capabilities' content='ocr_page ocr_carea ocr_par ocr_line ocrx_word'/>
</head>
<body>
  <div class='ocr_page' id='page_1' title='image "./liturgiamozarab00churgoog/liturgiamozarab00churgoog_0409.png"; bbox 0 0 3758 6224; ppageno 0'>
   <div class='ocr_carea' id='block_1_1' title="bbox 719 252 1138 317">
    <p class='ocr_par' dir='ltr' id='par_1_1' title="bbox 719 252 1138 317">
     <span class='ocr_line' id='line_1_1' title="bbox 719 252 1138 317; baseline -0.021 1"><span class='ocrx_word' id='word_1_1' title='bbox 719 253 930 317; x_wconf 76' lang='lat' dir='ltr'>nubilarium</span> <span class='ocrx_word' id='word_1_2' title='bbox 952 252 1138 311; x_wconf 76' lang='lat' dir='ltr'>Gottttctitt.</span> 
     </span>
    </p>
   </div>
   <div class='ocr_carea' id='block_1_2' title="bbox 218 398 793 573">
    <p class='ocr_par' dir='ltr' id='par_1_2' title="bbox 218 398 793 573">
     <span class='ocr_line' id='line_1_2' title="bbox 373 398 539 453; baseline 0.012 -5"><span class='ocrx_word' id='word_1_3' title='bbox 373 440 377 448; x_wconf 95' lang='lat'>.</span> <span class='ocrx_word' id='word_1_4' title='bbox 475 398 539 453; x_wconf 75' lang='lat' dir='ltr'>att.</span> 
     </span>
     <span class='ocr_line' id='line_1_3' title="bbox 218 506 793 573; baseline -0.023 -1"><span class='ocrx_word' id='word_1_5' title='bbox 218 516 247 573; x_wconf 92' lang='lat' dir='ltr'>lu</span> <span class='ocrx_word' id='word_1_6' title='bbox 262 514 341 570; x_wconf 82' lang='lat' dir='ltr'>linem</span> <span class='ocrx_word' id='word_1_7' title='bbox 355 510 518 567; x_wconf 75' lang='lat' dir='ltr'>carminibus</span> <span class='ocrx_word' id='word_1_8' title='bbox 532 507 684 564; x_wconf 86' lang='lat' dir='ltr'>intellectus</span> <span class='ocrx_word' id='word_1_9' title='bbox 700 506 793 561; x_wconf 86' lang='lat' dir='ltr'>[iarid.</span> 
     </span>
    </p>
   </div>
   <div class='ocr_carea' id='block_1_3' title="bbox 114 617 908 1698">
    <p class='ocr_par' dir='ltr' id='par_1_3' title="bbox 114 617 904 783">
     <span class='ocr_line' id='line_1_4' title="bbox 148 617 904 694; baseline -0.017 -10"><span class='ocrx_word' id='word_1_10' title='bbox 148 617 904 694; x_wconf 52' lang='lat' dir='ltr'>ffiaffimmmmmmmmmwmmm</span> 
     </span>
     <span class='ocr_line' id='line_1_5' title="bbox 114 709 541 783; baseline -0.028 -9"><span class='ocrx_word' id='word_1_11' title='bbox 114 709 541 783; x_wconf 50' lang='lat' dir='ltr'>mmmmfflmssmm</span> 
     </span>
    </p>

    <p class='ocr_par' dir='ltr' id='par_1_4' title="bbox 115 800 905 1049">
     <span class='ocr_line' id='line_1_6' title="bbox 152 800 905 871; baseline -0.012 -7"><span class='ocrx_word' id='word_1_12' title='bbox 152 800 905 871; x_wconf 49' lang='lat' dir='ltr'>&amp;mmmmwmwummstmewmwb</span> 
     </span>
     <span class='ocr_line' id='line_1_7' title="bbox 115 893 904 973; baseline -0.011 -14"><span class='ocrx_word' id='word_1_13' title='bbox 115 893 904 973; x_wconf 47' lang='lat' dir='ltr'>mmmmmmm*mmemmffinm-</span> 
     </span>
     <span class='ocr_line' id='line_1_8' title="bbox 116 994 211 1049; baseline -0.021 -1"><span class='ocrx_word' id='word_1_14' title='bbox 116 994 211 1049; x_wconf 67' lang='lat' dir='ltr'>mm</span> 
     </span>
    </p>

    <p class='ocr_par' dir='ltr' id='par_1_5' title="bbox 117 1082 906 1323">
     <span class='ocr_line' id='line_1_9' title="bbox 153 1082 906 1141; baseline 0.001 -3"><span class='ocrx_word' id='word_1_15' title='bbox 153 1082 906 1141; x_wconf 56' lang='lat' dir='ltr'>cmwmmmmmmmwmm</span> 
     </span>
     <span class='ocr_line' id='line_1_10' title="bbox 117 1173 905 1246; baseline 0.004 -17"><span class='ocrx_word' id='word_1_16' title='bbox 117 1173 905 1246; x_wconf 56' lang='lat' dir='ltr'>tmmmmummmmmfflmmwm</span> 
     </span>
     <span class='ocr_line' id='line_1_11' title="bbox 117 1267 223 1323; baseline -0.028 0"><span class='ocrx_word' id='word_1_17' title='bbox 117 1267 223 1323; x_wconf 61' lang='lat' dir='ltr'>mma</span> 
     </span>
    </p>

    <p class='ocr_par' dir='ltr' id='par_1_6' title="bbox 117 1355 905 1504">
     <span class='ocr_line' id='line_1_12' title="bbox 153 1355 905 1426; baseline -0.001 -15"><span class='ocrx_word' id='word_1_18' title='bbox 153 1355 905 1426; x_wconf 57' lang='lat' dir='ltr'>Qmmfflmwmmmmmmwmm</span> 
     </span>
     <span class='ocr_line' id='line_1_13' title="bbox 117 1449 451 1504; baseline -0.003 0"><span class='ocrx_word' id='word_1_19' title='bbox 117 1449 451 1504; x_wconf 56' lang='lat' dir='ltr'>mmmmmmm</span> 
     </span>
    </p>

    <p class='ocr_par' dir='ltr' id='par_1_7' title="bbox 118 1535 908 1698">
     <span class='ocr_line' id='line_1_14' title="bbox 153 1535 908 1594; baseline -0.001 -1"><span class='ocrx_word' id='word_1_20' title='bbox 153 1535 908 1594; x_wconf 45' lang='lat' dir='ltr'>Cmmmmwmmnmmmffmmm</span> 
     </span>
     <span class='ocr_line' id='line_1_15' title="bbox 118 1631 482 1698; baseline -0.011 -12"><span class='ocrx_word' id='word_1_21' title='bbox 118 1632 211 1686; x_wconf 85' lang='lat' dir='ltr'>mortis</span> <span class='ocrx_word' id='word_1_22' title='bbox 225 1631 320 1684; x_wconf 84' lang='lat' dir='ltr'>cecidit</span> <span class='ocrx_word' id='word_1_23' title='bbox 334 1645 414 1698; x_wconf 84' lang='lat' dir='ltr'>super</span> <span class='ocrx_word' id='word_1_24' title='bbox 430 1645 482 1684; x_wconf 87' lang='lat' dir='ltr'>rue.</span> 
     </span>
    </p>
   </div>
   <div class='ocr_carea' id='block_1_4' title="bbox 154 1715 945 1790">
    <p class='ocr_par' dir='ltr' id='par_1_8' title="bbox 154 1715 945 1790">
     <span class='ocr_line' id='line_1_16' title="bbox 154 1715 945 1790; baseline -0.003 -13"><span class='ocrx_word' id='word_1_25' title='bbox 154 1719 254 1788; x_wconf 81' lang='lat' dir='ltr'>Titum,</span> <span class='ocrx_word' id='word_1_26' title='bbox 270 1730 297 1773; x_wconf 85' lang='lat' dir='ltr'>ot</span> <span class='ocrx_word' id='word_1_27' title='bbox 310 1730 409 1775; x_wconf 88' lang='lat' dir='ltr'>tremor</span> <span class='ocrx_word' id='word_1_28' title='bbox 420 1731 549 1775; x_wconf 81' lang='lat' dir='ltr'>venerumt</span> <span class='ocrx_word' id='word_1_29' title='bbox 564 1736 643 1790; x_wconf 85' lang='lat' dir='ltr'>supet</span> <span class='ocrx_word' id='word_1_30' title='bbox 654 1736 697 1775; x_wconf 89' lang='lat' dir='ltr'>me</span> <span class='ocrx_word' id='word_1_31' title='bbox 710 1722 725 1755; x_wconf 70' lang='lat'>&#39;⁵</span> <span class='ocrx_word' id='word_1_32' title='bbox 738 1731 763 1776; x_wconf 91' lang='lat' dir='ltr'>et</span> <span class='ocrx_word' id='word_1_33' title='bbox 779 1727 905 1776; x_wconf 83' lang='lat' dir='ltr'>contexe·</span> <span class='ocrx_word' id='word_1_34' title='bbox 921 1715 945 1775; x_wconf 91' lang='lat' dir='ltr'><strong>B</strong></span> 
     </span>
    </p>
   </div>
   <div class='ocr_carea' id='block_1_5' title="bbox 105 1812 914 3066">
    <p class='ocr_par' dir='ltr' id='par_1_9' title="bbox 118 1812 508 1873">
     <span class='ocr_line' id='line_1_17' title="bbox 118 1812 508 1873; baseline -0.01 -4"><span class='ocrx_word' id='word_1_35' title='bbox 118 1821 181 1870; x_wconf 89' lang='lat' dir='ltr'>rn··t</span> <span class='ocrx_word' id='word_1_36' title='bbox 195 1829 238 1867; x_wconf 92' lang='lat' dir='ltr'>me</span> <span class='ocrx_word' id='word_1_37' title='bbox 251 1814 377 1873; x_wconf 77' lang='lat' dir='ltr'>tenebra,</span> <span class='ocrx_word' id='word_1_38' title='bbox 391 1824 417 1866; x_wconf 88' lang='lat' dir='ltr'>et</span> <span class='ocrx_word' id='word_1_39' title='bbox 431 1812 484 1866; x_wconf 83' lang='lat' dir='ltr'>diri</span> <span class='ocrx_word' id='word_1_40' title='bbox 502 1830 508 1865; x_wconf 83' lang='lat' dir='ltr'>z</span> 
     </span>
    </p>

    <p class='ocr_par' dir='ltr' id='par_1_10' title="bbox 121 1898 907 2064">
     <span class='ocr_line' id='line_1_18' title="bbox 156 1898 907 1972; baseline 0 -18"><span class='ocrx_word' id='word_1_41' title='bbox 156 1902 221 1970; x_wconf 77' lang='lat' dir='ltr'>eris</span> <span class='ocrx_word' id='word_1_42' title='bbox 234 1903 306 1956; x_wconf 83' lang='lat' dir='ltr'>dabit</span> <span class='ocrx_word' id='word_1_43' title='bbox 320 1902 383 1956; x_wconf 89' lang='lat' dir='ltr'>mibi</span> <span class='ocrx_word' id='word_1_44' title='bbox 398 1917 497 1972; x_wconf 83' lang='lat' dir='ltr'>pennas</span> <span class='ocrx_word' id='word_1_45' title='bbox 509 1902 577 1956; x_wconf 89' lang='lat' dir='ltr'>sicut</span> <span class='ocrx_word' id='word_1_46' title='bbox 591 1901 722 1957; x_wconf 76' lang='lat' dir='ltr'>columbae</span> <span class='ocrx_word' id='word_1_47' title='bbox 733 1901 747 1933; x_wconf 68' lang='lat'>⁸</span> <span class='ocrx_word' id='word_1_48' title='bbox 760 1910 787 1955; x_wconf 91' lang='lat' dir='ltr'>et</span> <span class='ocrx_word' id='word_1_49' title='bbox 801 1898 907 1971; x_wconf 73' lang='lat' dir='ltr'>volabo,</span> 
     </span>
     <span class='ocr_line' id='line_1_19' title="bbox 121 1995 346 2064; baseline -0.004 -15"><span class='ocrx_word' id='word_1_50' title='bbox 121 2003 148 2050; x_wconf 89' lang='lat' dir='ltr'>ul</span> <span class='ocrx_word' id='word_1_51' title='bbox 164 1995 346 2064; x_wconf 73' lang='lat' dir='ltr'>requiescam?</span> 
     </span>
    </p>

    <p class='ocr_par' dir='ltr' id='par_1_11' title="bbox 120 2082 909 2334">
     <span class='ocr_line' id='line_1_20' title="bbox 156 2082 909 2153; baseline 0 -14"><span class='ocrx_word' id='word_1_52' title='bbox 156 2086 226 2140; x_wconf 83' lang='lat' dir='ltr'>Eece</span> <span class='ocrx_word' id='word_1_53' title='bbox 240 2084 363 2153; x_wconf 79' lang='lat' dir='ltr'>elongabi</span> <span class='ocrx_word' id='word_1_54' title='bbox 384 2082 498 2153; x_wconf 77' lang='lat' dir='ltr'>logicus,</span> <span class='ocrx_word' id='word_1_55' title='bbox 514 2093 541 2139; x_wconf 88' lang='lat' dir='ltr'>ci</span> <span class='ocrx_word' id='word_1_56' title='bbox 560 2084 646 2138; x_wconf 89' lang='lat' dir='ltr'>mansi</span> <span class='ocrx_word' id='word_1_57' title='bbox 669 2084 695 2138; x_wconf 89' lang='lat' dir='ltr'>in</span> <span class='ocrx_word' id='word_1_58' title='bbox 710 2082 880 2139; x_wconf 71' lang='lat' dir='ltr'>solitudinem</span> <span class='ocrx_word' id='word_1_59' title='bbox 892 2084 909 2117; x_wconf 67' lang='lat'>¹*</span> 
     </span>
     <span class='ocr_line' id='line_1_21' title="bbox 122 2175 909 2246; baseline -0.004 -15"><span class='ocrx_word' id='word_1_60' title='bbox 122 2177 294 2246; x_wconf 72' lang='lat' dir='ltr'>expectabam</span> <span class='ocrx_word' id='word_1_61' title='bbox 311 2177 463 2240; x_wconf 63' lang='lat' dir='ltr'>birotinum,</span> <span class='ocrx_word' id='word_1_62' title='bbox 482 2177 526 2243; x_wconf 84' lang='lat' dir='ltr'>nui</span> <span class='ocrx_word' id='word_1_63' title='bbox 540 2190 583 2230; x_wconf 91' lang='lat' dir='ltr'>me</span> <span class='ocrx_word' id='word_1_64' title='bbox 597 2175 701 2230; x_wconf 91' lang='lat' dir='ltr'>salbum</span> <span class='ocrx_word' id='word_1_65' title='bbox 717 2176 816 2231; x_wconf 89' lang='lat' dir='ltr'>iaceret</span> <span class='ocrx_word' id='word_1_66' title='bbox 830 2190 845 2228; x_wconf 89' lang='lat' dir='ltr'>a</span> <span class='ocrx_word' id='word_1_67' title='bbox 859 2188 909 2245; x_wconf 91' lang='lat' dir='ltr'>pu-</span> 
     </span>
     <span class='ocr_line' id='line_1_22' title="bbox 120 2266 520 2334; baseline -0.003 -14"><span class='ocrx_word' id='word_1_68' title='bbox 120 2266 180 2321; x_wconf 92' lang='lat' dir='ltr'>sillo</span> <span class='ocrx_word' id='word_1_69' title='bbox 195 2268 296 2329; x_wconf 65' lang='lat' dir='ltr'>anano,</span> <span class='ocrx_word' id='word_1_70' title='bbox 311 2276 336 2319; x_wconf 92' lang='lat' dir='ltr'>et</span> <span class='ocrx_word' id='word_1_71' title='bbox 352 2275 520 2334; x_wconf 74' lang='lat' dir='ltr'>tempestate.</span> 
     </span>
    </p>

    <p class='ocr_par' dir='ltr' id='par_1_12' title="bbox 157 2353 912 2427">
     <span class='ocr_line' id='line_1_23' title="bbox 157 2353 912 2427; baseline 0.005 -18"><span class='ocrx_word' id='word_1_72' title='bbox 157 2353 305 2421; x_wconf 78' lang='lat' dir='ltr'>Praecipiti,</span> <span class='ocrx_word' id='word_1_73' title='bbox 322 2355 442 2421; x_wconf 73' lang='lat' dir='ltr'>bomine,</span> <span class='ocrx_word' id='word_1_74' title='bbox 457 2364 482 2409; x_wconf 89' lang='lat' dir='ltr'>et</span> <span class='ocrx_word' id='word_1_75' title='bbox 498 2353 587 2409; x_wconf 78' lang='lat' dir='ltr'>divide</span> <span class='ocrx_word' id='word_1_76' title='bbox 600 2354 701 2425; x_wconf 75' lang='lat' dir='ltr'>linguas</span> <span class='ocrx_word' id='word_1_77' title='bbox 715 2368 808 2410; x_wconf 89' lang='lat' dir='ltr'>eorum</span> <span class='ocrx_word' id='word_1_78' title='bbox 820 2357 912 2427; x_wconf 76' lang='lat' dir='ltr'>lnuo-</span> 
     </span>
    </p>

    <p class='ocr_par' dir='ltr' id='par_1_13' title="bbox 105 2445 912 2599">
     <span class='ocr_line' id='line_1_24' title="bbox 105 2445 912 2516; baseline 0.005 -16"><span class='ocrx_word' id='word_1_79' title='bbox 105 2445 194 2501; x_wconf 86' lang='lat' dir='ltr'>·niam</span> <span class='ocrx_word' id='word_1_80' title='bbox 210 2445 264 2500; x_wconf 88' lang='lat' dir='ltr'>uidi</span> <span class='ocrx_word' id='word_1_81' title='bbox 286 2447 470 2516; x_wconf 85' lang='lat' dir='ltr'>iniqnitatcrn,</span> <span class='ocrx_word' id='word_1_82' title='bbox 486 2456 513 2502; x_wconf 90' lang='lat' dir='ltr'>et</span> <span class='ocrx_word' id='word_1_83' title='bbox 526 2447 784 2515; x_wconf 69' lang='lat' dir='ltr'><strong>contradictionem,</strong></span> <span class='ocrx_word' id='word_1_84' title='bbox 805 2449 832 2504; x_wconf 90' lang='lat' dir='ltr'>in</span> <span class='ocrx_word' id='word_1_85' title='bbox 846 2448 912 2506; x_wconf 83' lang='lat' dir='ltr'>ciri·</span> 
     </span>
     <span class='ocr_line' id='line_1_25' title="bbox 123 2544 186 2599; baseline 0.016 -9"><span class='ocrx_word' id='word_1_86' title='bbox 123 2544 186 2599; x_wconf 77' lang='lat' dir='ltr'>itale.</span> 
     </span>
    </p>

    <p class='ocr_par' dir='ltr' id='par_1_14' title="bbox 123 2629 912 2883">
     <span class='ocr_line' id='line_1_26' title="bbox 158 2629 912 2705; baseline 0.009 -20"><span class='ocrx_word' id='word_1_87' title='bbox 158 2629 207 2685; x_wconf 85' lang='lat' dir='ltr'>Die</span> <span class='ocrx_word' id='word_1_88' title='bbox 219 2643 251 2684; x_wconf 91' lang='lat' dir='ltr'>ac</span> <span class='ocrx_word' id='word_1_89' title='bbox 266 2639 343 2686; x_wconf 91' lang='lat' dir='ltr'>nocte</span> <span class='ocrx_word' id='word_1_90' title='bbox 357 2629 525 2686; x_wconf 73' lang='lat' dir='ltr'>circundabit</span> <span class='ocrx_word' id='word_1_91' title='bbox 539 2648 598 2688; x_wconf 87' lang='lat' dir='ltr'>cam</span> <span class='ocrx_word' id='word_1_92' title='bbox 621 2649 701 2705; x_wconf 89' lang='lat' dir='ltr'>super</span> <span class='ocrx_word' id='word_1_93' title='bbox 716 2649 808 2691; x_wconf 88' lang='lat' dir='ltr'>muros</span> <span class='ocrx_word' id='word_1_94' title='bbox 827 2634 912 2691; x_wconf 73' lang='lat' dir='ltr'>eius*</span> 
     </span>
     <span class='ocr_line' id='line_1_27' title="bbox 129 2718 912 2790; baseline 0.011 -16"><span class='ocrx_word' id='word_1_95' title='bbox 129 2718 255 2790; x_wconf 83' lang='lat' dir='ltr'>iniquitas</span> <span class='ocrx_word' id='word_1_96' title='bbox 270 2728 296 2775; x_wconf 91' lang='lat' dir='ltr'>et</span> <span class='ocrx_word' id='word_1_97' title='bbox 311 2722 384 2775; x_wconf 89' lang='lat' dir='ltr'>labor</span> <span class='ocrx_word' id='word_1_98' title='bbox 399 2722 424 2775; x_wconf 93' lang='lat' dir='ltr'>iu</span> <span class='ocrx_word' id='word_1_99' title='bbox 438 2722 525 2778; x_wconf 76' lang='lat' dir='ltr'>medic</span> <span class='ocrx_word' id='word_1_100' title='bbox 536 2722 605 2789; x_wconf 92' lang='lat' dir='ltr'>eins,</span> <span class='ocrx_word' id='word_1_101' title='bbox 621 2734 648 2779; x_wconf 91' lang='lat' dir='ltr'>et</span> <span class='ocrx_word' id='word_1_102' title='bbox 659 2725 785 2781; x_wconf 85' lang='lat' dir='ltr'>iniustitia</span> <span class='ocrx_word' id='word_1_103' title='bbox 799 2741 807 2783; x_wconf 73' lang='grc' dir='ltr'><strong>ι</strong></span> <span class='ocrx_word' id='word_1_104' title='bbox 819 2734 846 2782; x_wconf 92' lang='lat' dir='ltr'>et</span> <span class='ocrx_word' id='word_1_105' title='bbox 858 2741 912 2783; x_wconf 89' lang='lat' dir='ltr'>non</span> 
     </span>
     <span class='ocr_line' id='line_1_28' title="bbox 123 2811 693 2883; baseline 0.011 -17"><span class='ocrx_word' id='word_1_106' title='bbox 123 2811 220 2868; x_wconf 86' lang='lat' dir='ltr'>deiecit</span> <span class='ocrx_word' id='word_1_107' title='bbox 230 2812 264 2868; x_wconf 93' lang='lat' dir='ltr'>de</span> <span class='ocrx_word' id='word_1_108' title='bbox 278 2813 371 2883; x_wconf 76' lang='lat' dir='ltr'>plateis</span> <span class='ocrx_word' id='word_1_109' title='bbox 387 2813 443 2868; x_wconf 89' lang='lat' dir='ltr'>eius</span> <span class='ocrx_word' id='word_1_110' title='bbox 458 2830 547 2880; x_wconf 90' lang='lat' dir='ltr'>usura,</span> <span class='ocrx_word' id='word_1_111' title='bbox 563 2823 590 2870; x_wconf 89' lang='lat' dir='ltr'>et</span> <span class='ocrx_word' id='word_1_112' title='bbox 606 2815 693 2872; x_wconf 91' lang='lat' dir='ltr'>dolus.</span> 
     </span>
    </p>

    <p class='ocr_par' dir='ltr' id='par_1_15' title="bbox 123 2900 914 3066">
     <span class='ocr_line' id='line_1_29' title="bbox 157 2900 914 2980; baseline 0.017 -27"><span class='ocrx_word' id='word_1_113' title='bbox 157 2900 288 2968; x_wconf 82' lang='lat' dir='ltr'>Quoniam</span> <span class='ocrx_word' id='word_1_114' title='bbox 301 2904 322 2956; x_wconf 94' lang='lat' dir='ltr'>si</span> <span class='ocrx_word' id='word_1_115' title='bbox 334 2903 456 2958; x_wconf 90' lang='lat' dir='ltr'>inimicus</span> <span class='ocrx_word' id='word_1_116' title='bbox 470 2920 545 2959; x_wconf 89' lang='lat' dir='ltr'>meas</span> <span class='ocrx_word' id='word_1_117' title='bbox 558 2905 740 2963; x_wconf 76' lang='lat' dir='ltr'>rnrrtcdtrtsacr</span> <span class='ocrx_word' id='word_1_118' title='bbox 756 2907 834 2973; x_wconf 88' lang='lat' dir='ltr'>mibi,</span> <span class='ocrx_word' id='word_1_119' title='bbox 850 2923 914 2980; x_wconf 91' lang='lat' dir='ltr'>sup·</span> 
     </span>
     <span class='ocr_line' id='line_1_30' title="bbox 123 2993 914 3066; baseline 0.014 -24"><span class='ocrx_word' id='word_1_120' title='bbox 123 2999 271 3056; x_wconf 85' lang='lat' dir='ltr'>portassem</span> <span class='ocrx_word' id='word_1_121' title='bbox 297 2993 450 3061; x_wconf 59' lang='lat' dir='ltr'>uriqrratct</span> <span class='ocrx_word' id='word_1_122' title='bbox 473 2994 495 3048; x_wconf 86' lang='lat' dir='ltr'>si</span> <span class='ocrx_word' id='word_1_123' title='bbox 519 2993 569 3059; x_wconf 90' lang='lat' dir='ltr'>bis,</span> <span class='ocrx_word' id='word_1_124' title='bbox 593 2995 638 3064; x_wconf 81' lang='lat' dir='ltr'>qui</span> <span class='ocrx_word' id='word_1_125' title='bbox 663 2995 774 3051; x_wconf 89' lang='lat' dir='ltr'>oderant</span> <span class='ocrx_word' id='word_1_126' title='bbox 792 3013 846 3066; x_wconf 88' lang='lat' dir='ltr'>me,</span> <span class='ocrx_word' id='word_1_127' title='bbox 866 2997 914 3053; x_wconf 88' lang='lat' dir='ltr'>ad·</span> 
     </span>
    </p>
   </div>
   <div class='ocr_carea' id='block_1_6' title="bbox 1690 258 1739 315">
    <p class='ocr_par' dir='ltr' id='par_1_16' title="bbox 1690 258 1739 315">
     <span class='ocr_line' id='line_1_31' title="bbox 1690 258 1739 315; baseline 0.041 -2"><span class='ocrx_word' id='word_1_128' title='bbox 1690 258 1739 315; x_wconf 68' lang='lat' dir='ltr'>lid</span> 
     </span>
    </p>
   </div>
   <div class='ocr_carea' id='block_1_7' title="bbox 1309 362 1364 417">
    <p class='ocr_par' dir='ltr' id='par_1_17' title="bbox 1309 362 1364 417">
     <span class='ocr_line' id='line_1_32' title="bbox 1309 362 1364 417; baseline 0 0"><span class='ocrx_word' id='word_1_129' title='bbox 1309 362 1364 417; x_wconf 83' lang='lat' dir='ltr'>Ltt.</span> 
     </span>
    </p>
   </div>
   <div class='ocr_carea' id='block_1_8' title="bbox 954 452 1741 652">
    <p class='ocr_par' dir='ltr' id='par_1_18' title="bbox 954 452 1741 652">
     <span class='ocr_line' id='line_1_33' title="bbox 954 452 1740 523; baseline 0.005 -12"><span class='ocrx_word' id='word_1_130' title='bbox 954 455 1053 511; x_wconf 82' lang='lat' dir='ltr'>Victori</span> <span class='ocrx_word' id='word_1_131' title='bbox 1071 471 1119 522; x_wconf 93' lang='lat' dir='ltr'>pro</span> <span class='ocrx_word' id='word_1_132' title='bbox 1136 453 1288 518; x_wconf 81' lang='lat' dir='ltr'>Cumulato,</span> <span class='ocrx_word' id='word_1_133' title='bbox 1301 470 1335 509; x_wconf 86' lang='lat' dir='ltr'>eo</span> <span class='ocrx_word' id='word_1_134' title='bbox 1345 452 1414 522; x_wconf 79' lang='lat' dir='ltr'>cuod</span> <span class='ocrx_word' id='word_1_135' title='bbox 1428 452 1520 523; x_wconf 88' lang='lat' dir='ltr'>procul</span> <span class='ocrx_word' id='word_1_136' title='bbox 1531 452 1650 511; x_wconf 87' lang='lat' dir='ltr'>babierit</span> <span class='ocrx_word' id='word_1_137' title='bbox 1661 454 1740 516; x_wconf 78' lang='lat' dir='ltr'>baril</span> 
     </span>
     <span class='ocr_line' id='line_1_34' title="bbox 989 521 1741 652; baseline 0.004 -70"><span class='ocrx_word' id='word_1_138' title='bbox 989 526 1124 652; x_wconf 57' lang='lat' dir='ltr'>ddsddddrsidr</span> <span class='ocrx_word' id='word_1_139' title='bbox 1138 525 1312 651; x_wconf 44' lang='grc' dir='ltr'>εὲιθῗὲιιιὲερῐει,</span> <span class='ocrx_word' id='word_1_140' title='bbox 1335 521 1443 594; x_wconf 82' lang='lat' dir='ltr'>quarrdo</span> <span class='ocrx_word' id='word_1_141' title='bbox 1456 530 1604 580; x_wconf 89' lang='lat' dir='ltr'>tenuermrt</span> <span class='ocrx_word' id='word_1_142' title='bbox 1617 542 1681 583; x_wconf 86' lang='lat' dir='ltr'>eum</span> <span class='ocrx_word' id='word_1_143' title='bbox 1695 528 1741 585; x_wconf 82' lang='lat' dir='ltr'>Pa·</span> 
     </span>
    </p>
   </div>
   <div class='ocr_carea' id='block_1_9' title="bbox 954 682 1742 1940">
    <p class='ocr_par' dir='ltr' id='par_1_19' title="bbox 954 682 1742 833">
     <span class='ocr_line' id='line_1_35' title="bbox 989 682 1742 755; baseline 0.003 -13"><span class='ocrx_word' id='word_1_144' title='bbox 989 688 1056 742; x_wconf 79' lang='lat' dir='ltr'>dria.</span> <span class='ocrx_word' id='word_1_145' title='bbox 1078 685 1111 741; x_wconf 87' lang='lat' dir='ltr'>ln</span> <span class='ocrx_word' id='word_1_146' title='bbox 1128 702 1167 741; x_wconf 85' lang='lat' dir='ltr'>me</span> <span class='ocrx_word' id='word_1_147' title='bbox 1184 691 1244 741; x_wconf 85' lang='lat' dir='ltr'>tunt</span> <span class='ocrx_word' id='word_1_148' title='bbox 1261 682 1329 738; x_wconf 82' lang='lat' dir='ltr'>Deus</span> <span class='ocrx_word' id='word_1_149' title='bbox 1348 690 1429 751; x_wconf 81' lang='lat' dir='ltr'>coto,</span> <span class='ocrx_word' id='word_1_150' title='bbox 1448 698 1508 755; x_wconf 72' lang='lat' dir='ltr'>prta</span> <span class='ocrx_word' id='word_1_151' title='bbox 1520 684 1632 741; x_wconf 77' lang='lat' dir='ltr'>reddant</span> <span class='ocrx_word' id='word_1_152' title='bbox 1654 688 1742 745; x_wconf 62' lang='lat' dir='ltr'>tnta</span> 
     </span>
     <span class='ocr_line' id='line_1_36' title="bbox 954 779 1093 833; baseline -0.007 0"><span class='ocrx_word' id='word_1_153' title='bbox 954 780 1029 833; x_wconf 85' lang='lat' dir='ltr'>tionis</span> <span class='ocrx_word' id='word_1_154' title='bbox 1039 779 1093 833; x_wconf 79' lang='lat' dir='ltr'>titt.</span> 
     </span>
    </p>

    <p class='ocr_par' dir='ltr' id='par_1_20' title="bbox 955 869 1740 1019">
     <span class='ocr_line' id='line_1_37' title="bbox 990 869 1740 937; baseline 0.001 -10"><span class='ocrx_word' id='word_1_155' title='bbox 990 872 1117 927; x_wconf 85' lang='lat' dir='ltr'>iliserere</span> <span class='ocrx_word' id='word_1_156' title='bbox 1131 870 1200 937; x_wconf 91' lang='lat' dir='ltr'>mei,</span> <span class='ocrx_word' id='word_1_157' title='bbox 1221 869 1350 934; x_wconf 77' lang='lat' dir='ltr'>ormana,</span> <span class='ocrx_word' id='word_1_158' title='bbox 1374 869 1501 937; x_wconf 78' lang='lat' dir='ltr'>quoniam</span> <span class='ocrx_word' id='word_1_159' title='bbox 1515 871 1740 936; x_wconf 69' lang='lat' dir='ltr'>conculcabitur</span> 
     </span>
     <span class='ocr_line' id='line_1_38' title="bbox 955 959 1529 1019; baseline -0.007 0"><span class='ocrx_word' id='word_1_160' title='bbox 955 963 1036 1019; x_wconf 90' lang='lat' dir='ltr'>iromo</span> <span class='ocrx_word' id='word_1_161' title='bbox 1050 964 1066 997; x_wconf 60' lang='lat' dir='ltr'>l</span> <span class='ocrx_word' id='word_1_162' title='bbox 1082 972 1135 1017; x_wconf 92' lang='lat' dir='ltr'>tota</span> <span class='ocrx_word' id='word_1_163' title='bbox 1151 962 1194 1017; x_wconf 86' lang='lat' dir='ltr'>die</span> <span class='ocrx_word' id='word_1_164' title='bbox 1209 962 1311 1016; x_wconf 86' lang='lat' dir='ltr'>bellans</span> <span class='ocrx_word' id='word_1_165' title='bbox 1325 959 1461 1014; x_wconf 72' lang='lat' dir='ltr'>tribulabit</span> <span class='ocrx_word' id='word_1_166' title='bbox 1476 976 1529 1016; x_wconf 86' lang='lat' dir='ltr'>me.</span> 
     </span>
    </p>

    <p class='ocr_par' dir='ltr' id='par_1_21' title="bbox 957 1052 1741 1201">
     <span class='ocr_line' id='line_1_39' title="bbox 992 1052 1741 1117; baseline 0.012 -13"><span class='ocrx_word' id='word_1_167' title='bbox 992 1053 1220 1111; x_wconf 71' lang='lat' dir='ltr'>conculcaberunt</span> <span class='ocrx_word' id='word_1_168' title='bbox 1235 1067 1278 1109; x_wconf 87' lang='lat' dir='ltr'>ms</span> <span class='ocrx_word' id='word_1_169' title='bbox 1294 1052 1395 1109; x_wconf 87' lang='lat' dir='ltr'>inimici</span> <span class='ocrx_word' id='word_1_170' title='bbox 1409 1052 1464 1109; x_wconf 85' lang='lat' dir='ltr'>mci</span> <span class='ocrx_word' id='word_1_171' title='bbox 1485 1062 1540 1109; x_wconf 88' lang='lat' dir='ltr'>tota</span> <span class='ocrx_word' id='word_1_172' title='bbox 1554 1052 1600 1110; x_wconf 91' lang='lat' dir='ltr'>die</span> <span class='ocrx_word' id='word_1_173' title='bbox 1613 1056 1631 1093; x_wconf 47' lang='grc' dir='ltr'><em>Ψ</em></span> <span class='ocrx_word' id='word_1_174' title='bbox 1641 1056 1677 1113; x_wconf 84' lang='lat' dir='ltr'>ab</span> <span class='ocrx_word' id='word_1_175' title='bbox 1688 1058 1741 1117; x_wconf 83' lang='lat' dir='ltr'>alti·</span> 
     </span>
     <span class='ocr_line' id='line_1_40' title="bbox 957 1144 1173 1201; baseline 0.005 -2"><span class='ocrx_word' id='word_1_176' title='bbox 957 1144 1048 1201; x_wconf 85' lang='lat' dir='ltr'>tudine</span> <span class='ocrx_word' id='word_1_177' title='bbox 1058 1145 1173 1200; x_wconf 86' lang='lat' dir='ltr'>dierum.</span> 
     </span>
    </p>

    <p class='ocr_par' dir='ltr' id='par_1_22' title="bbox 957 1230 1739 1396">
     <span class='ocr_line' id='line_1_41' title="bbox 991 1230 1739 1303; baseline 0.009 -15"><span class='ocrx_word' id='word_1_178' title='bbox 991 1232 1124 1302; x_wconf 82' lang='lat' dir='ltr'>Quoniam</span> <span class='ocrx_word' id='word_1_179' title='bbox 1137 1232 1230 1295; x_wconf 89' lang='lat' dir='ltr'>multi,</span> <span class='ocrx_word' id='word_1_180' title='bbox 1255 1230 1300 1302; x_wconf 83' lang='lat' dir='ltr'>qni</span> <span class='ocrx_word' id='word_1_181' title='bbox 1317 1230 1487 1289; x_wconf 84' lang='lat' dir='ltr'>debellabant</span> <span class='ocrx_word' id='word_1_182' title='bbox 1502 1248 1567 1303; x_wconf 88' lang='lat' dir='ltr'>me,</span> <span class='ocrx_word' id='word_1_183' title='bbox 1589 1236 1739 1295; x_wconf 73' lang='lat' dir='ltr'>timebunt*</span> 
     </span>
     <span class='ocr_line' id='line_1_42' title="bbox 957 1323 1437 1396; baseline 0 -16"><span class='ocrx_word' id='word_1_184' title='bbox 957 1340 1008 1396; x_wconf 80' lang='lat' dir='ltr'>ego</span> <span class='ocrx_word' id='word_1_185' title='bbox 1021 1341 1083 1381; x_wconf 59' lang='lat' dir='ltr'>uero</span> <span class='ocrx_word' id='word_1_186' title='bbox 1097 1325 1124 1379; x_wconf 92' lang='lat' dir='ltr'>in</span> <span class='ocrx_word' id='word_1_187' title='bbox 1142 1334 1168 1380; x_wconf 92' lang='lat' dir='ltr'>te</span> <span class='ocrx_word' id='word_1_188' title='bbox 1181 1323 1297 1391; x_wconf 86' lang='lat' dir='ltr'>sperabi,</span> <span class='ocrx_word' id='word_1_189' title='bbox 1313 1323 1437 1380; x_wconf 82' lang='lat' dir='ltr'>bomine.</span> 
     </span>
    </p>

    <p class='ocr_par' dir='ltr' id='par_1_23' title="bbox 958 1416 1739 1657">
     <span class='ocr_line' id='line_1_43' title="bbox 993 1416 1738 1478; baseline 0.005 -4"><span class='ocrx_word' id='word_1_190' title='bbox 993 1419 1021 1474; x_wconf 93' lang='lat' dir='ltr'>lu</span> <span class='ocrx_word' id='word_1_191' title='bbox 1041 1419 1096 1474; x_wconf 86' lang='lat' dir='ltr'>lieo</span> <span class='ocrx_word' id='word_1_192' title='bbox 1111 1418 1226 1472; x_wconf 86' lang='lat' dir='ltr'>launiabn</span> <span class='ocrx_word' id='word_1_193' title='bbox 1237 1417 1365 1478; x_wconf 84' lang='lat' dir='ltr'>rcrbum,</span> <span class='ocrx_word' id='word_1_194' title='bbox 1387 1419 1413 1471; x_wconf 92' lang='lat' dir='ltr'>in</span> <span class='ocrx_word' id='word_1_195' title='bbox 1430 1416 1544 1473; x_wconf 84' lang='lat' dir='ltr'>Domino</span> <span class='ocrx_word' id='word_1_196' title='bbox 1559 1417 1678 1475; x_wconf 84' lang='lat' dir='ltr'>landabo</span> <span class='ocrx_word' id='word_1_197' title='bbox 1691 1436 1738 1478; x_wconf 86' lang='lat' dir='ltr'>ser·</span> 
     </span>
     <span class='ocr_line' id='line_1_44' title="bbox 958 1505 1739 1581; baseline 0.003 -14"><span class='ocrx_word' id='word_1_198' title='bbox 958 1525 1066 1567; x_wconf 88' lang='lat' dir='ltr'>monem</span> <span class='ocrx_word' id='word_1_199' title='bbox 1083 1526 1090 1564; x_wconf 75' lang='grc' dir='ltr'>ε</span> <span class='ocrx_word' id='word_1_200' title='bbox 1105 1509 1132 1563; x_wconf 93' lang='lat' dir='ltr'>in</span> <span class='ocrx_word' id='word_1_201' title='bbox 1149 1507 1205 1563; x_wconf 85' lang='lat' dir='ltr'>Deo</span> <span class='ocrx_word' id='word_1_202' title='bbox 1226 1505 1369 1577; x_wconf 74' lang='lat' dir='ltr'>sperabol</span> <span class='ocrx_word' id='word_1_203' title='bbox 1385 1520 1440 1561; x_wconf 88' lang='lat' dir='ltr'>nou</span> <span class='ocrx_word' id='word_1_204' title='bbox 1463 1508 1585 1575; x_wconf 92' lang='lat' dir='ltr'>timebo,</span> <span class='ocrx_word' id='word_1_205' title='bbox 1607 1510 1673 1581; x_wconf 86' lang='lat' dir='ltr'>quid</span> <span class='ocrx_word' id='word_1_206' title='bbox 1684 1512 1739 1569; x_wconf 85' lang='lat' dir='ltr'>mibi</span> 
     </span>
     <span class='ocr_line' id='line_1_45' title="bbox 959 1601 1142 1657; baseline -0.022 0"><span class='ocrx_word' id='word_1_207' title='bbox 959 1603 1037 1657; x_wconf 82' lang='lat' dir='ltr'>iaciat</span> <span class='ocrx_word' id='word_1_208' title='bbox 1052 1601 1142 1654; x_wconf 88' lang='lat' dir='ltr'>bomo.</span> 
     </span>
    </p>

    <p class='ocr_par' dir='ltr' id='par_1_24' title="bbox 960 1688 1739 1840">
     <span class='ocr_line' id='line_1_46' title="bbox 996 1688 1739 1752; baseline 0.007 -5"><span class='ocrx_word' id='word_1_209' title='bbox 996 1694 1060 1747; x_wconf 86' lang='lat' dir='ltr'>Tota</span> <span class='ocrx_word' id='word_1_210' title='bbox 1072 1691 1115 1747; x_wconf 88' lang='lat' dir='ltr'>die</span> <span class='ocrx_word' id='word_1_211' title='bbox 1126 1688 1206 1745; x_wconf 85' lang='lat' dir='ltr'>rerba</span> <span class='ocrx_word' id='word_1_212' title='bbox 1217 1704 1276 1745; x_wconf 90' lang='lat' dir='ltr'>mea</span> <span class='ocrx_word' id='word_1_213' title='bbox 1291 1688 1514 1746; x_wconf 86' lang='lat' dir='ltr'>abominabantur</span> <span class='ocrx_word' id='word_1_214' title='bbox 1526 1690 1673 1749; x_wconf 84' lang='lat' dir='ltr'>adrcrsmn</span> <span class='ocrx_word' id='word_1_215' title='bbox 1682 1697 1739 1752; x_wconf 69' lang='lat' dir='ltr'>tna⁸</span> 
     </span>
     <span class='ocr_line' id='line_1_47' title="bbox 960 1780 1454 1840; baseline -0.01 0"><span class='ocrx_word' id='word_1_216' title='bbox 960 1785 1049 1840; x_wconf 89' lang='lat' dir='ltr'>omnia</span> <span class='ocrx_word' id='word_1_217' title='bbox 1064 1781 1177 1838; x_wconf 89' lang='lat' dir='ltr'>consilia</span> <span class='ocrx_word' id='word_1_218' title='bbox 1193 1796 1288 1835; x_wconf 90' lang='lat' dir='ltr'>eorum</span> <span class='ocrx_word' id='word_1_219' title='bbox 1302 1782 1329 1833; x_wconf 90' lang='lat' dir='ltr'>iu</span> <span class='ocrx_word' id='word_1_220' title='bbox 1343 1780 1454 1835; x_wconf 86' lang='lat' dir='ltr'>malum.</span> 
     </span>
    </p>

    <p class='ocr_par' dir='ltr' id='par_1_25' title="bbox 995 1870 1740 1940">
     <span class='ocr_line' id='line_1_48' title="bbox 995 1870 1740 1940; baseline -0.001 -10"><span class='ocrx_word' id='word_1_221' title='bbox 995 1873 1182 1930; x_wconf 87' lang='lat' dir='ltr'>inhabitabunt</span> <span class='ocrx_word' id='word_1_222' title='bbox 1203 1870 1358 1926; x_wconf 82' lang='lat' dir='ltr'>abscondite</span> <span class='ocrx_word' id='word_1_223' title='bbox 1382 1871 1454 1940; x_wconf 89' lang='lat' dir='ltr'>:ipsi</span> <span class='ocrx_word' id='word_1_224' title='bbox 1474 1870 1633 1927; x_wconf 70' lang='lat' dir='ltr'>calcaneum</span> <span class='ocrx_word' id='word_1_225' title='bbox 1660 1888 1740 1929; x_wconf 80' lang='lat' dir='ltr'>meon</span> 
     </span>
    </p>
   </div>
   <div class='ocr_carea' id='block_1_10' title="bbox 959 1967 1750 3046">
    <p class='ocr_par' dir='ltr' id='par_1_26' title="bbox 959 1967 1740 2130">
     <span class='ocr_line' id='line_1_49' title="bbox 959 1967 1740 2040; baseline 0.008 -17"><span class='ocrx_word' id='word_1_226' title='bbox 959 1967 1139 2024; x_wconf 84' lang='lat' dir='ltr'>obsecrabunt</span> <span class='ocrx_word' id='word_1_227' title='bbox 1153 1975 1327 2035; x_wconf 83' lang='lat' dir='ltr'>expectantes</span> <span class='ocrx_word' id='word_1_228' title='bbox 1338 1969 1456 2023; x_wconf 89' lang='lat' dir='ltr'>animam</span> <span class='ocrx_word' id='word_1_229' title='bbox 1468 1982 1560 2024; x_wconf 87' lang='lat' dir='ltr'>meam</span> <span class='ocrx_word' id='word_1_230' title='bbox 1572 1971 1589 2007; x_wconf 71' lang='lat'>³¹</span> <span class='ocrx_word' id='word_1_231' title='bbox 1600 1985 1652 2040; x_wconf 89' lang='lat' dir='ltr'>pro</span> <span class='ocrx_word' id='word_1_232' title='bbox 1666 1970 1740 2029; x_wconf 83' lang='lat' dir='ltr'>bibile</span> 
     </span>
     <span class='ocr_line' id='line_1_50' title="bbox 960 2059 1552 2130; baseline -0.002 -13"><span class='ocrx_word' id='word_1_233' title='bbox 960 2060 1076 2118; x_wconf 81' lang='lat' dir='ltr'>salvabis</span> <span class='ocrx_word' id='word_1_234' title='bbox 1090 2073 1137 2113; x_wconf 90' lang='lat' dir='ltr'>cos</span> <span class='ocrx_word' id='word_1_235' title='bbox 1149 2076 1155 2112; x_wconf 95' lang='lat'><strong>:</strong></span> <span class='ocrx_word' id='word_1_236' title='bbox 1168 2059 1194 2113; x_wconf 90' lang='lat' dir='ltr'>in</span> <span class='ocrx_word' id='word_1_237' title='bbox 1210 2060 1248 2112; x_wconf 91' lang='lat' dir='ltr'>ira</span> <span class='ocrx_word' id='word_1_238' title='bbox 1263 2059 1376 2129; x_wconf 89' lang='lat' dir='ltr'>populos</span> <span class='ocrx_word' id='word_1_239' title='bbox 1387 2060 1552 2130; x_wconf 75' lang='lat' dir='ltr'>confringes.</span> 
     </span>
    </p>

    <p class='ocr_par' dir='ltr' id='par_1_27' title="bbox 961 2151 1744 2395">
     <span class='ocr_line' id='line_1_51' title="bbox 997 2151 1744 2227; baseline 0.001 -20"><span class='ocrx_word' id='word_1_240' title='bbox 997 2151 1067 2208; x_wconf 83' lang='lat' dir='ltr'>lictus</span> <span class='ocrx_word' id='word_1_241' title='bbox 1081 2152 1163 2206; x_wconf 82' lang='lat' dir='ltr'>uitam</span> <span class='ocrx_word' id='word_1_242' title='bbox 1185 2165 1274 2205; x_wconf 86' lang='lat' dir='ltr'>meam</span> <span class='ocrx_word' id='word_1_243' title='bbox 1289 2151 1446 2206; x_wconf 84' lang='lat' dir='ltr'>adnunciabi</span> <span class='ocrx_word' id='word_1_244' title='bbox 1461 2152 1521 2216; x_wconf 84' lang='lat' dir='ltr'>tibi,</span> <span class='ocrx_word' id='word_1_245' title='bbox 1537 2152 1653 2220; x_wconf 85' lang='lat' dir='ltr'>posuisti</span> <span class='ocrx_word' id='word_1_246' title='bbox 1666 2153 1744 2227; x_wconf 71' lang='lat' dir='ltr'>lacq-</span> 
     </span>
     <span class='ocr_line' id='line_1_52' title="bbox 961 2243 1744 2317; baseline 0.001 -17"><span class='ocrx_word' id='word_1_247' title='bbox 961 2259 1019 2300; x_wconf 89' lang='lat' dir='ltr'>mas</span> <span class='ocrx_word' id='word_1_248' title='bbox 1030 2259 1105 2300; x_wconf 87' lang='lat' dir='ltr'>meas</span> <span class='ocrx_word' id='word_1_249' title='bbox 1122 2243 1149 2301; x_wconf 94' lang='lat' dir='ltr'>iu</span> <span class='ocrx_word' id='word_1_250' title='bbox 1160 2256 1305 2317; x_wconf 86' lang='lat' dir='ltr'>conspectu</span> <span class='ocrx_word' id='word_1_251' title='bbox 1325 2252 1370 2300; x_wconf 87' lang='lat' dir='ltr'>tuo</span> <span class='ocrx_word' id='word_1_252' title='bbox 1383 2244 1399 2280; x_wconf 59' lang='lat' dir='ltr'>l</span> <span class='ocrx_word' id='word_1_253' title='bbox 1413 2245 1483 2300; x_wconf 90' lang='lat' dir='ltr'>sicut</span> <span class='ocrx_word' id='word_1_254' title='bbox 1497 2243 1524 2299; x_wconf 91' lang='lat' dir='ltr'>in</span> <span class='ocrx_word' id='word_1_255' title='bbox 1541 2244 1744 2315; x_wconf 82' lang='lat' dir='ltr'>repromissione</span> 
     </span>
     <span class='ocr_line' id='line_1_53' title="bbox 962 2351 1019 2395; baseline 0.018 -1"><span class='ocrx_word' id='word_1_256' title='bbox 962 2351 1019 2395; x_wconf 88' lang='lat' dir='ltr'>tua.</span> 
     </span>
    </p>

    <p class='ocr_par' dir='ltr' id='par_1_28' title="bbox 963 2428 1747 2670">
     <span class='ocr_line' id='line_1_54' title="bbox 998 2428 1745 2487; baseline -0.003 0"><span class='ocrx_word' id='word_1_257' title='bbox 998 2430 1075 2487; x_wconf 84' lang='lat' dir='ltr'>Turne</span> <span class='ocrx_word' id='word_1_258' title='bbox 1102 2439 1292 2486; x_wconf 82' lang='lat' dir='ltr'>corracrtentnr</span> <span class='ocrx_word' id='word_1_259' title='bbox 1320 2429 1421 2486; x_wconf 81' lang='lat' dir='ltr'>inimici</span> <span class='ocrx_word' id='word_1_260' title='bbox 1450 2429 1503 2484; x_wconf 86' lang='lat' dir='ltr'>mei</span> <span class='ocrx_word' id='word_1_261' title='bbox 1526 2438 1680 2487; x_wconf 77' lang='lat' dir='ltr'>retrorsum</span> <span class='ocrx_word' id='word_1_262' title='bbox 1696 2428 1745 2485; x_wconf 77' lang='lat' dir='ltr'>lle</span> 
     </span>
     <span class='ocr_line' id='line_1_55' title="bbox 963 2498 1747 2595; baseline 0.003 -20"><span class='ocrx_word' id='word_1_263' title='bbox 963 2538 1130 2595; x_wconf 77' lang='lat' dir='ltr'>quincumque</span> <span class='ocrx_word' id='word_1_264' title='bbox 1143 2523 1187 2577; x_wconf 88' lang='lat' dir='ltr'>dic</span> <span class='ocrx_word' id='word_1_265' title='bbox 1200 2521 1360 2576; x_wconf 78' lang='lat' dir='ltr'>invocavero</span> <span class='ocrx_word' id='word_1_266' title='bbox 1374 2529 1411 2586; x_wconf 91' lang='lat' dir='ltr'>te,</span> <span class='ocrx_word' id='word_1_267' title='bbox 1426 2533 1490 2576; x_wconf 85' lang='lat' dir='ltr'>ecce</span> <span class='ocrx_word' id='word_1_268' title='bbox 1500 2520 1613 2592; x_wconf 72' lang='lat' dir='ltr'>agnobi;</span> <span class='ocrx_word' id='word_1_269' title='bbox 1626 2498 1747 2593; x_wconf 75' lang='lat' dir='ltr'>quonia</span> 
     </span>
     <span class='ocr_line' id='line_1_56' title="bbox 963 2612 1219 2670; baseline -0.004 -2"><span class='ocrx_word' id='word_1_270' title='bbox 963 2612 1034 2670; x_wconf 84' lang='lat' dir='ltr'>Deus</span> <span class='ocrx_word' id='word_1_271' title='bbox 1048 2628 1125 2668; x_wconf 86' lang='lat' dir='ltr'>meus</span> <span class='ocrx_word' id='word_1_272' title='bbox 1140 2627 1169 2666; x_wconf 89' lang='lat' dir='ltr'>es</span> <span class='ocrx_word' id='word_1_273' title='bbox 1181 2621 1219 2667; x_wconf 90' lang='lat' dir='ltr'>tu.</span> 
     </span>
    </p>

    <p class='ocr_par' dir='ltr' id='par_1_29' title="bbox 964 2702 1749 2944">
     <span class='ocr_line' id='line_1_57' title="bbox 1000 2702 1748 2771; baseline -0.003 -8"><span class='ocrx_word' id='word_1_274' title='bbox 1000 2706 1028 2763; x_wconf 93' lang='lat' dir='ltr'>ln</span> <span class='ocrx_word' id='word_1_275' title='bbox 1045 2707 1101 2762; x_wconf 83' lang='lat' dir='ltr'>[teo</span> <span class='ocrx_word' id='word_1_276' title='bbox 1115 2706 1229 2760; x_wconf 61' lang='lat' dir='ltr'>landabo</span> <span class='ocrx_word' id='word_1_277' title='bbox 1246 2703 1367 2771; x_wconf 85' lang='lat' dir='ltr'>rcrlrum,</span> <span class='ocrx_word' id='word_1_278' title='bbox 1394 2705 1419 2760; x_wconf 92' lang='lat' dir='ltr'>in</span> <span class='ocrx_word' id='word_1_279' title='bbox 1435 2702 1550 2760; x_wconf 83' lang='lat' dir='ltr'>Domino</span> <span class='ocrx_word' id='word_1_280' title='bbox 1569 2703 1687 2761; x_wconf 89' lang='lat' dir='ltr'>landabo</span> <span class='ocrx_word' id='word_1_281' title='bbox 1697 2716 1748 2761; x_wconf 77' lang='lat' dir='ltr'>sta·</span> 
     </span>
     <span class='ocr_line' id='line_1_58' title="bbox 964 2793 1749 2868; baseline -0.003 -15"><span class='ocrx_word' id='word_1_282' title='bbox 964 2812 1088 2862; x_wconf 82' lang='lat' dir='ltr'>monem,</span> <span class='ocrx_word' id='word_1_283' title='bbox 1113 2801 1139 2852; x_wconf 89' lang='lat' dir='ltr'>tu</span> <span class='ocrx_word' id='word_1_284' title='bbox 1162 2799 1215 2852; x_wconf 86' lang='lat' dir='ltr'>beo</span> <span class='ocrx_word' id='word_1_285' title='bbox 1237 2797 1380 2867; x_wconf 73' lang='lat' dir='ltr'>sperabo*</span> <span class='ocrx_word' id='word_1_286' title='bbox 1394 2809 1447 2852; x_wconf 91' lang='lat' dir='ltr'>non</span> <span class='ocrx_word' id='word_1_287' title='bbox 1462 2797 1574 2865; x_wconf 90' lang='lat' dir='ltr'>timebo,</span> <span class='ocrx_word' id='word_1_288' title='bbox 1599 2794 1666 2868; x_wconf 82' lang='lat' dir='ltr'>qnid</span> <span class='ocrx_word' id='word_1_289' title='bbox 1689 2793 1749 2851; x_wconf 83' lang='lat' dir='ltr'>mibi</span> 
     </span>
     <span class='ocr_line' id='line_1_59' title="bbox 965 2888 1147 2944; baseline -0.016 -1"><span class='ocrx_word' id='word_1_290' title='bbox 965 2888 1045 2944; x_wconf 82' lang='lat' dir='ltr'>iaciat</span> <span class='ocrx_word' id='word_1_291' title='bbox 1058 2889 1147 2943; x_wconf 89' lang='lat' dir='ltr'>bomo.</span> 
     </span>
    </p>

    <p class='ocr_par' dir='ltr' id='par_1_30' title="bbox 1000 2973 1750 3046">
     <span class='ocr_line' id='line_1_60' title="bbox 1000 2973 1750 3046; baseline -0.004 -12"><span class='ocrx_word' id='word_1_292' title='bbox 1000 2978 1027 3034; x_wconf 93' lang='lat' dir='ltr'>ln</span> <span class='ocrx_word' id='word_1_293' title='bbox 1042 2993 1086 3036; x_wconf 88' lang='lat' dir='ltr'>rne</span> <span class='ocrx_word' id='word_1_294' title='bbox 1103 2986 1166 3032; x_wconf 90' lang='lat' dir='ltr'>sunt</span> <span class='ocrx_word' id='word_1_295' title='bbox 1184 2977 1255 3033; x_wconf 85' lang='lat' dir='ltr'>bens</span> <span class='ocrx_word' id='word_1_296' title='bbox 1268 2984 1346 3045; x_wconf 87' lang='lat' dir='ltr'>rota,</span> <span class='ocrx_word' id='word_1_297' title='bbox 1362 2990 1421 3046; x_wconf 82' lang='lat' dir='ltr'>que</span> <span class='ocrx_word' id='word_1_298' title='bbox 1440 2975 1554 3032; x_wconf 89' lang='lat' dir='ltr'>reddam</span> <span class='ocrx_word' id='word_1_299' title='bbox 1570 2977 1580 2998; x_wconf 80' lang='lat'><strong>⁹</strong></span> <span class='ocrx_word' id='word_1_300' title='bbox 1595 2973 1750 3033; x_wconf 80' lang='lat' dir='ltr'>laudationis</span> 
     </span>
    </p>
   </div>
   <div class='ocr_carea' id='block_1_11' title="bbox 124 3065 1026 3153">
    <p class='ocr_par' dir='ltr' id='par_1_31' title="bbox 124 3065 1026 3153">
     <span class='ocr_line' id='line_1_61' title="bbox 124 3065 1026 3153; baseline 0.013 -21"><span class='ocrx_word' id='word_1_301' title='bbox 124 3095 230 3136; x_wconf 81' lang='lat' dir='ltr'>versum</span> <span class='ocrx_word' id='word_1_302' title='bbox 244 3096 287 3136; x_wconf 91' lang='lat' dir='ltr'>me</span> <span class='ocrx_word' id='word_1_303' title='bbox 304 3097 399 3153; x_wconf 78' lang='lat' dir='ltr'>magna</span> <span class='ocrx_word' id='word_1_304' title='bbox 421 3083 501 3138; x_wconf 89' lang='lat' dir='ltr'>locuti</span> <span class='ocrx_word' id='word_1_305' title='bbox 517 3084 648 3141; x_wconf 77' lang='lat' dir='ltr'>luissent:</span> <span class='ocrx_word' id='word_1_306' title='bbox 664 3087 855 3143; x_wconf 85' lang='lat' dir='ltr'>absconderem</span> <span class='ocrx_word' id='word_1_307' title='bbox 871 3065 952 3145; x_wconf 78' lang='lat' dir='ltr'>ruec</span> <span class='ocrx_word' id='word_1_308' title='bbox 968 3070 1026 3127; x_wconf 53' lang='grc' dir='ltr'>ΕΜ·</span> 
     </span>
    </p>
   </div>
   <div class='ocr_carea' id='block_1_12' title="bbox 124 3170 319 3242">
    <p class='ocr_par' dir='ltr' id='par_1_32' title="bbox 124 3170 319 3242">
     <span class='ocr_line' id='line_1_62' title="bbox 124 3170 319 3242; baseline 0 -15"><span class='ocrx_word' id='word_1_309' title='bbox 124 3170 215 3242; x_wconf 78' lang='lat' dir='ltr'>ntique</span> <span class='ocrx_word' id='word_1_310' title='bbox 228 3172 261 3227; x_wconf 88' lang='lat' dir='ltr'>ab</span> <span class='ocrx_word' id='word_1_311' title='bbox 276 3186 319 3227; x_wconf 90' lang='lat' dir='ltr'>eo.</span> 
     </span>
    </p>
   </div>
   <div class='ocr_carea' id='block_1_13' title="bbox 161 3264 916 3335">
    <p class='ocr_par' dir='ltr' id='par_1_33' title="bbox 161 3264 916 3335">
     <span class='ocr_line' id='line_1_63' title="bbox 161 3264 916 3335; baseline 0.009 -17"><span class='ocrx_word' id='word_1_312' title='bbox 161 3264 202 3318; x_wconf 87' lang='lat' dir='ltr'>Tu</span> <span class='ocrx_word' id='word_1_313' title='bbox 226 3279 289 3319; x_wconf 85' lang='lat' dir='ltr'>acro</span> <span class='ocrx_word' id='word_1_314' title='bbox 315 3264 395 3319; x_wconf 90' lang='lat' dir='ltr'>bomo</span> <span class='ocrx_word' id='word_1_315' title='bbox 419 3267 563 3335; x_wconf 82' lang='lat' dir='ltr'>unanimis,</span> <span class='ocrx_word' id='word_1_316' title='bbox 585 3267 638 3323; x_wconf 83' lang='lat' dir='ltr'>dut</span> <span class='ocrx_word' id='word_1_317' title='bbox 662 3284 758 3335; x_wconf 89' lang='lat' dir='ltr'>mens,</span> <span class='ocrx_word' id='word_1_318' title='bbox 783 3279 810 3325; x_wconf 90' lang='lat' dir='ltr'>et</span> <span class='ocrx_word' id='word_1_319' title='bbox 836 3279 916 3326; x_wconf 87' lang='lat' dir='ltr'>notus</span> 
     </span>
    </p>
   </div>
   <div class='ocr_carea' id='block_1_14' title="bbox 128 3354 916 3500">
    <p class='ocr_par' dir='ltr' id='par_1_34' title="bbox 128 3354 916 3500">
     <span class='ocr_line' id='line_1_64' title="bbox 128 3354 916 3428; baseline 0.01 -20"><span class='ocrx_word' id='word_1_320' title='bbox 128 3368 215 3419; x_wconf 87' lang='lat' dir='ltr'>meus,</span> <span class='ocrx_word' id='word_1_321' title='bbox 229 3355 273 3424; x_wconf 85' lang='lat' dir='ltr'>qni</span> <span class='ocrx_word' id='word_1_322' title='bbox 287 3354 368 3409; x_wconf 82' lang='lat' dir='ltr'>simul</span> <span class='ocrx_word' id='word_1_323' title='bbox 391 3370 494 3410; x_wconf 87' lang='lat' dir='ltr'>meeum</span> <span class='ocrx_word' id='word_1_324' title='bbox 509 3356 601 3412; x_wconf 90' lang='lat' dir='ltr'>dulces</span> <span class='ocrx_word' id='word_1_325' title='bbox 622 3359 746 3428; x_wconf 87' lang='lat' dir='ltr'>capiebas</span> <span class='ocrx_word' id='word_1_326' title='bbox 769 3359 843 3416; x_wconf 85' lang='lat' dir='ltr'>eibos</span> <span class='ocrx_word' id='word_1_327' title='bbox 857 3361 873 3397; x_wconf 68' lang='lat'>¹⁵</span> <span class='ocrx_word' id='word_1_328' title='bbox 888 3362 916 3416; x_wconf 88' lang='lat' dir='ltr'>in</span> 
     </span>
     <span class='ocr_line' id='line_1_65' title="bbox 128 3441 771 3500; baseline 0.005 -4"><span class='ocrx_word' id='word_1_329' title='bbox 128 3443 208 3497; x_wconf 89' lang='lat' dir='ltr'>domo</span> <span class='ocrx_word' id='word_1_330' title='bbox 222 3441 328 3496; x_wconf 86' lang='lat' dir='ltr'>[lonriui</span> <span class='ocrx_word' id='word_1_331' title='bbox 345 3442 538 3497; x_wconf 81' lang='lat' dir='ltr'>arribulabimus</span> <span class='ocrx_word' id='word_1_332' title='bbox 553 3459 612 3499; x_wconf 92' lang='lat' dir='ltr'>cum</span> <span class='ocrx_word' id='word_1_333' title='bbox 628 3460 771 3500; x_wconf 87' lang='lat' dir='ltr'>consensu.</span> 
     </span>
    </p>
   </div>
   <div class='ocr_carea' id='block_1_15' title="bbox 129 3529 922 4253">
    <p class='ocr_par' dir='ltr' id='par_1_35' title="bbox 129 3529 919 3678">
     <span class='ocr_line' id='line_1_66' title="bbox 164 3529 919 3603; baseline 0.005 -15"><span class='ocrx_word' id='word_1_334' title='bbox 164 3529 261 3588; x_wconf 75' lang='lat' dir='ltr'>leniat</span> <span class='ocrx_word' id='word_1_335' title='bbox 275 3546 348 3587; x_wconf 85' lang='lat' dir='ltr'>murs</span> <span class='ocrx_word' id='word_1_336' title='bbox 369 3545 451 3603; x_wconf 89' lang='lat' dir='ltr'>super</span> <span class='ocrx_word' id='word_1_337' title='bbox 464 3534 547 3589; x_wconf 71' lang='lat' dir='ltr'>illos*</span> <span class='ocrx_word' id='word_1_338' title='bbox 561 3545 589 3590; x_wconf 93' lang='lat' dir='ltr'>et</span> <span class='ocrx_word' id='word_1_339' title='bbox 609 3535 773 3593; x_wconf 78' lang='lat' dir='ltr'>descendant</span> <span class='ocrx_word' id='word_1_340' title='bbox 788 3538 814 3592; x_wconf 92' lang='lat' dir='ltr'>in</span> <span class='ocrx_word' id='word_1_341' title='bbox 837 3537 919 3595; x_wconf 88' lang='lat' dir='ltr'>inler-</span> 
     </span>
     <span class='ocr_line' id='line_1_67' title="bbox 129 3622 334 3678; baseline -0.01 0"><span class='ocrx_word' id='word_1_342' title='bbox 129 3636 192 3678; x_wconf 92' lang='lat' dir='ltr'>num</span> <span class='ocrx_word' id='word_1_343' title='bbox 205 3622 334 3677; x_wconf 84' lang='lat' dir='ltr'>viventes.</span> 
     </span>
    </p>

    <p class='ocr_par' dir='ltr' id='par_1_36' title="bbox 129 3712 918 3875">
     <span class='ocr_line' id='line_1_68' title="bbox 163 3712 918 3788; baseline 0.013 -22"><span class='ocrx_word' id='word_1_344' title='bbox 163 3712 293 3782; x_wconf 85' lang='lat' dir='ltr'>Quoniam</span> <span class='ocrx_word' id='word_1_345' title='bbox 312 3713 430 3783; x_wconf 84' lang='lat' dir='ltr'>nequitia</span> <span class='ocrx_word' id='word_1_346' title='bbox 453 3715 478 3769; x_wconf 90' lang='lat' dir='ltr'>in</span> <span class='ocrx_word' id='word_1_347' title='bbox 504 3716 625 3788; x_wconf 80' lang='lat' dir='ltr'>hospitiis</span> <span class='ocrx_word' id='word_1_348' title='bbox 646 3732 739 3775; x_wconf 88' lang='lat' dir='ltr'>eornm</span> <span class='ocrx_word' id='word_1_349' title='bbox 752 3720 765 3756; x_wconf 67' lang='lat'><strong><em>⁴</em></strong></span> <span class='ocrx_word' id='word_1_350' title='bbox 780 3719 807 3775; x_wconf 91' lang='lat' dir='ltr'>in</span> <span class='ocrx_word' id='word_1_351' title='bbox 830 3719 918 3776; x_wconf 87' lang='lat' dir='ltr'>medio</span> 
     </span>
     <span class='ocr_line' id='line_1_69' title="bbox 129 3805 258 3875; baseline -0.008 -14"><span class='ocrx_word' id='word_1_352' title='bbox 129 3805 258 3875; x_wconf 88' lang='lat' dir='ltr'>ipsorum.</span> 
     </span>
    </p>

    <p class='ocr_par' dir='ltr' id='par_1_37' title="bbox 130 3897 920 4059">
     <span class='ocr_line' id='line_1_70' title="bbox 166 3897 920 3967; baseline 0.017 -17"><span class='ocrx_word' id='word_1_353' title='bbox 166 3897 222 3967; x_wconf 76' lang='lat' dir='ltr'>Ego</span> <span class='ocrx_word' id='word_1_354' title='bbox 241 3897 274 3952; x_wconf 90' lang='lat' dir='ltr'>ad</span> <span class='ocrx_word' id='word_1_355' title='bbox 290 3898 372 3952; x_wconf 78' lang='lat' dir='ltr'>licum</span> <span class='ocrx_word' id='word_1_356' title='bbox 383 3898 509 3965; x_wconf 88' lang='lat' dir='ltr'>clamabi,</span> <span class='ocrx_word' id='word_1_357' title='bbox 521 3909 547 3956; x_wconf 90' lang='lat' dir='ltr'>et</span> <span class='ocrx_word' id='word_1_358' title='bbox 563 3901 689 3959; x_wconf 84' lang='lat' dir='ltr'>Dominus</span> <span class='ocrx_word' id='word_1_359' title='bbox 702 3905 838 3961; x_wconf 76' lang='lat' dir='ltr'>exaudibit</span> <span class='ocrx_word' id='word_1_360' title='bbox 851 3906 920 3964; x_wconf 73' lang='lat' dir='ltr'>me&#39;l</span> 
     </span>
     <span class='ocr_line' id='line_1_71' title="bbox 130 3993 534 4059; baseline 0.017 -16"><span class='ocrx_word' id='word_1_361' title='bbox 130 4006 251 4059; x_wconf 77' lang='lat' dir='ltr'>vespere,</span> <span class='ocrx_word' id='word_1_362' title='bbox 267 4007 356 4057; x_wconf 92' lang='lat' dir='ltr'>mane,</span> <span class='ocrx_word' id='word_1_363' title='bbox 371 4001 398 4048; x_wconf 95' lang='lat' dir='ltr'>et</span> <span class='ocrx_word' id='word_1_364' title='bbox 413 3993 534 4050; x_wconf 80' lang='lat' dir='ltr'>meridie.</span> 
     </span>
    </p>

    <p class='ocr_par' dir='ltr' id='par_1_38' title="bbox 131 4079 922 4253">
     <span class='ocr_line' id='line_1_72' title="bbox 167 4079 922 4148; baseline 0.009 -12"><span class='ocrx_word' id='word_1_365' title='bbox 167 4079 296 4146; x_wconf 82' lang='lat' dir='ltr'>Narrabo,</span> <span class='ocrx_word' id='word_1_366' title='bbox 311 4093 339 4136; x_wconf 85' lang='lat' dir='ltr'>ct</span> <span class='ocrx_word' id='word_1_367' title='bbox 350 4083 522 4148; x_wconf 79' lang='lat' dir='ltr'>renunciabo,</span> <span class='ocrx_word' id='word_1_368' title='bbox 534 4094 561 4140; x_wconf 86' lang='lat' dir='ltr'>et</span> <span class='ocrx_word' id='word_1_369' title='bbox 572 4085 696 4141; x_wconf 87' lang='lat' dir='ltr'>erarniiet</span> <span class='ocrx_word' id='word_1_370' title='bbox 710 4101 802 4142; x_wconf 85' lang='lat' dir='ltr'>rocem</span> <span class='ocrx_word' id='word_1_371' title='bbox 814 4088 922 4143; x_wconf 71' lang='lat' dir='ltr'>meant*</span> 
     </span>
     <span class='ocr_line' id='line_1_73' title="bbox 131 4175 922 4253; baseline 0.006 -24"><span class='ocrx_word' id='word_1_372' title='bbox 131 4175 255 4230; x_wconf 84' lang='lat' dir='ltr'>liberabit</span> <span class='ocrx_word' id='word_1_373' title='bbox 269 4175 294 4230; x_wconf 90' lang='lat' dir='ltr'>in</span> <span class='ocrx_word' id='word_1_374' title='bbox 318 4192 382 4245; x_wconf 89' lang='lat' dir='ltr'>pace</span> <span class='ocrx_word' id='word_1_375' title='bbox 404 4176 519 4231; x_wconf 82' lang='lat' dir='ltr'>arrianam</span> <span class='ocrx_word' id='word_1_376' title='bbox 542 4194 629 4233; x_wconf 90' lang='lat' dir='ltr'>meam</span> <span class='ocrx_word' id='word_1_377' title='bbox 652 4180 686 4235; x_wconf 94' lang='lat' dir='ltr'>ab</span> <span class='ocrx_word' id='word_1_378' title='bbox 700 4180 789 4253; x_wconf 78' lang='lat' dir='ltr'>[anns]</span> <span class='ocrx_word' id='word_1_379' title='bbox 813 4181 854 4236; x_wconf 90' lang='lat' dir='ltr'>iris</span> <span class='ocrx_word' id='word_1_380' title='bbox 876 4181 922 4251; x_wconf 80' lang='lat' dir='ltr'>uni</span> 
     </span>
    </p>
   </div>
   <div class='ocr_carea' id='block_1_16' title="bbox 132 4267 923 4415">
    <p class='ocr_par' dir='ltr' id='par_1_39' title="bbox 132 4267 923 4415">
     <span class='ocr_line' id='line_1_74' title="bbox 134 4267 923 4340; baseline 0.013 -21"><span class='ocrx_word' id='word_1_381' title='bbox 134 4267 346 4339; x_wconf 81' lang='lat' dir='ltr'>adpropinquant</span> <span class='ocrx_word' id='word_1_382' title='bbox 363 4269 440 4338; x_wconf 87' lang='lat' dir='ltr'>milri,</span> <span class='ocrx_word' id='word_1_383' title='bbox 454 4273 581 4340; x_wconf 85' lang='lat' dir='ltr'>quoniam</span> <span class='ocrx_word' id='word_1_384' title='bbox 595 4271 664 4327; x_wconf 88' lang='lat' dir='ltr'>iuter</span> <span class='ocrx_word' id='word_1_385' title='bbox 680 4273 780 4329; x_wconf 88' lang='lat' dir='ltr'>multos</span> <span class='ocrx_word' id='word_1_386' title='bbox 795 4281 854 4328; x_wconf 88' lang='lat' dir='ltr'>erat</span> <span class='ocrx_word' id='word_1_387' title='bbox 867 4287 923 4328; x_wconf 90' lang='lat' dir='ltr'>ure·</span> 
     </span>
     <span class='ocr_line' id='line_1_75' title="bbox 132 4372 203 4415; baseline -0.07 -4"><span class='ocrx_word' id='word_1_388' title='bbox 132 4372 203 4415; x_wconf 82' lang='lat' dir='ltr'>curn.</span> 
     </span>
    </p>
   </div>
   <div class='ocr_carea' id='block_1_17' title="bbox 969 3152 1752 3416">
    <p class='ocr_par' dir='ltr' id='par_1_40' title="bbox 969 3152 1752 3416">
     <span class='ocr_line' id='line_1_76' title="bbox 1002 3152 1752 3230; baseline -0.009 -14"><span class='ocrx_word' id='word_1_389' title='bbox 1002 3160 1069 3230; x_wconf 84' lang='lat' dir='ltr'>Quia</span> <span class='ocrx_word' id='word_1_390' title='bbox 1083 3158 1203 3227; x_wconf 75' lang='lat' dir='ltr'>eripuisti</span> <span class='ocrx_word' id='word_1_391' title='bbox 1228 3157 1344 3213; x_wconf 86' lang='lat' dir='ltr'>animam</span> <span class='ocrx_word' id='word_1_392' title='bbox 1370 3169 1457 3213; x_wconf 90' lang='lat' dir='ltr'>meam</span> <span class='ocrx_word' id='word_1_393' title='bbox 1481 3152 1515 3211; x_wconf 85' lang='lat' dir='ltr'>de</span> <span class='ocrx_word' id='word_1_394' title='bbox 1538 3153 1752 3213; x_wconf 79' lang='lat' dir='ltr'>morte‘oeulot</span> 
     </span>
     <span class='ocr_line' id='line_1_77' title="bbox 969 3246 1546 3321; baseline -0.017 -11"><span class='ocrx_word' id='word_1_395' title='bbox 969 3267 1043 3310; x_wconf 88' lang='lat' dir='ltr'>meos</span> <span class='ocrx_word' id='word_1_396' title='bbox 1056 3267 1071 3306; x_wconf 93' lang='lat' dir='ltr'>a</span> <span class='ocrx_word' id='word_1_397' title='bbox 1086 3250 1223 3321; x_wconf 65' lang='lat' dir='ltr'>incurritis,</span> <span class='ocrx_word' id='word_1_398' title='bbox 1238 3248 1319 3316; x_wconf 87' lang='lat' dir='ltr'>pedes</span> <span class='ocrx_word' id='word_1_399' title='bbox 1332 3261 1407 3303; x_wconf 87' lang='lat' dir='ltr'>meos</span> <span class='ocrx_word' id='word_1_400' title='bbox 1420 3262 1435 3301; x_wconf 92' lang='lat' dir='ltr'>a</span> <span class='ocrx_word' id='word_1_401' title='bbox 1450 3246 1526 3315; x_wconf 88' lang='lat' dir='ltr'>lapsu</span> <span class='ocrx_word' id='word_1_402' title='bbox 1539 3263 1546 3300; x_wconf 92' lang='lat'><strong>:</strong></span> 
     </span>
     <span class='ocr_line' id='line_1_78' title="bbox 1004 3337 1751 3416; baseline -0.013 -15"><span class='ocrx_word' id='word_1_403' title='bbox 1004 3344 1039 3401; x_wconf 87' lang='lat' dir='ltr'>Ut</span> <span class='ocrx_word' id='word_1_404' title='bbox 1054 3345 1171 3416; x_wconf 89' lang='lat' dir='ltr'>placeam</span> <span class='ocrx_word' id='word_1_405' title='bbox 1186 3355 1276 3398; x_wconf 91' lang='lat' dir='ltr'>coram</span> <span class='ocrx_word' id='word_1_406' title='bbox 1294 3339 1427 3396; x_wconf 82' lang='lat' dir='ltr'>iionrino&#39;</span> <span class='ocrx_word' id='word_1_407' title='bbox 1441 3339 1470 3395; x_wconf 83' lang='lat' dir='ltr'>ia</span> <span class='ocrx_word' id='word_1_408' title='bbox 1482 3339 1584 3396; x_wconf 86' lang='lat' dir='ltr'>lumine</span> <span class='ocrx_word' id='word_1_409' title='bbox 1594 3337 1751 3395; x_wconf 76' lang='lat' dir='ltr'>virentium.</span> 
     </span>
    </p>
   </div>
   <div class='ocr_carea' id='block_1_18' title="bbox 1326 3447 1392 3504">
    <p class='ocr_par' dir='ltr' id='par_1_41' title="bbox 1326 3447 1392 3504">
     <span class='ocr_line' id='line_1_79' title="bbox 1326 3447 1392 3504; baseline 0 0"><span class='ocrx_word' id='word_1_410' title='bbox 1326 3447 1392 3504; x_wconf 77' lang='lat' dir='ltr'>bvi.</span> 
     </span>
    </p>
   </div>
   <div class='ocr_carea' id='block_1_19' title="bbox 970 3536 1753 3809">
    <p class='ocr_par' dir='ltr' id='par_1_42' title="bbox 970 3536 1753 3809">
     <span class='ocr_line' id='line_1_80' title="bbox 970 3536 1749 3609; baseline -0.013 -9"><span class='ocrx_word' id='word_1_411' title='bbox 970 3545 998 3600; x_wconf 92' lang='lat' dir='ltr'>ln</span> <span class='ocrx_word' id='word_1_412' title='bbox 1012 3544 1091 3599; x_wconf 86' lang='lat' dir='ltr'>linem</span> <span class='ocrx_word' id='word_1_413' title='bbox 1106 3540 1226 3597; x_wconf 87' lang='lat' dir='ltr'>Psalmus</span> <span class='ocrx_word' id='word_1_414' title='bbox 1241 3539 1324 3594; x_wconf 83' lang='lat' dir='ltr'>Dauid</span> <span class='ocrx_word' id='word_1_415' title='bbox 1342 3555 1389 3609; x_wconf 89' lang='lat' dir='ltr'>pro</span> <span class='ocrx_word' id='word_1_416' title='bbox 1403 3538 1518 3607; x_wconf 90' lang='lat' dir='ltr'>populo,</span> <span class='ocrx_word' id='word_1_417' title='bbox 1532 3536 1580 3605; x_wconf 78' lang='lat' dir='ltr'>cui</span> <span class='ocrx_word' id='word_1_418' title='bbox 1595 3550 1627 3593; x_wconf 77' lang='lat' dir='ltr'>se</span> <span class='ocrx_word' id='word_1_419' title='bbox 1640 3536 1749 3608; x_wconf 59' lang='lat' dir='ltr'>elom</span> 
     </span>
     <span class='ocr_line' id='line_1_81' title="bbox 1006 3608 1753 3681; baseline -0.009 -14"><span class='ocrx_word' id='word_1_420' title='bbox 1006 3621 1103 3669; x_wconf 85' lang='lat' dir='ltr'>uerunt</span> <span class='ocrx_word' id='word_1_421' title='bbox 1118 3612 1168 3681; x_wconf 86' lang='lat' dir='ltr'>ipsi</span> <span class='ocrx_word' id='word_1_422' title='bbox 1185 3611 1265 3664; x_wconf 86' lang='lat' dir='ltr'>Dauid</span> <span class='ocrx_word' id='word_1_423' title='bbox 1287 3612 1313 3663; x_wconf 91' lang='lat' dir='ltr'>in</span> <span class='ocrx_word' id='word_1_424' title='bbox 1329 3609 1412 3663; x_wconf 91' lang='lat' dir='ltr'>titulis</span> <span class='ocrx_word' id='word_1_425' title='bbox 1433 3608 1622 3675; x_wconf 79' lang='lat' dir='ltr'>inscriptione,</span> <span class='ocrx_word' id='word_1_426' title='bbox 1642 3620 1701 3662; x_wconf 70' lang='lat' dir='ltr'>crim</span> <span class='ocrx_word' id='word_1_427' title='bbox 1714 3616 1753 3660; x_wconf 83' lang='lat' dir='ltr'>te·</span> 
     </span>
     <span class='ocr_line' id='line_1_82' title="bbox 1006 3675 1753 3764; baseline -0.011 -26"><span class='ocrx_word' id='word_1_428' title='bbox 1006 3691 1123 3764; x_wconf 84' lang='lat' dir='ltr'>nnernnt</span> <span class='ocrx_word' id='word_1_429' title='bbox 1142 3697 1205 3736; x_wconf 92' lang='lat' dir='ltr'>eum</span> <span class='ocrx_word' id='word_1_430' title='bbox 1220 3681 1317 3735; x_wconf 81' lang='lat' dir='ltr'>bilollii</span> <span class='ocrx_word' id='word_1_431' title='bbox 1337 3680 1364 3734; x_wconf 93' lang='lat' dir='ltr'>in</span> <span class='ocrx_word' id='word_1_432' title='bbox 1381 3678 1462 3734; x_wconf 84' lang='lat' dir='ltr'>Getlr.</span> <span class='ocrx_word' id='word_1_433' title='bbox 1481 3678 1537 3735; x_wconf 76' lang='lat' dir='ltr'>lox</span> <span class='ocrx_word' id='word_1_434' title='bbox 1552 3678 1627 3733; x_wconf 79' lang='lat' dir='ltr'>Pauli</span> <span class='ocrx_word' id='word_1_435' title='bbox 1647 3675 1753 3747; x_wconf 72' lang='lat' dir='ltr'>apostoli</span> 
     </span>
     <span class='ocr_line' id='line_1_83' title="bbox 1006 3764 1117 3809; baseline -0.009 -2"><span class='ocrx_word' id='word_1_436' title='bbox 1006 3764 1117 3809; x_wconf 80' lang='lat' dir='ltr'>orantis.</span> 
     </span>
    </p>
   </div>
   <div class='ocr_carea' id='block_1_20' title="bbox 972 3835 1754 4367">
    <p class='ocr_par' dir='ltr' id='par_1_43' title="bbox 972 3835 1754 4367">
     <span class='ocr_line' id='line_1_84' title="bbox 1007 3835 1754 3909; baseline -0.016 -6"><span class='ocrx_word' id='word_1_437' title='bbox 1007 3845 1134 3903; x_wconf 80' lang='lat' dir='ltr'>liiserere</span> <span class='ocrx_word' id='word_1_438' title='bbox 1151 3836 1221 3909; x_wconf 85' lang='lat' dir='ltr'>mei,</span> <span class='ocrx_word' id='word_1_439' title='bbox 1239 3842 1300 3909; x_wconf 82' lang='lat' dir='ltr'>bet,</span> <span class='ocrx_word' id='word_1_440' title='bbox 1315 3842 1442 3896; x_wconf 86' lang='lat' dir='ltr'>miserere</span> <span class='ocrx_word' id='word_1_441' title='bbox 1456 3837 1507 3894; x_wconf 92' lang='lat' dir='ltr'>mei</span> <span class='ocrx_word' id='word_1_442' title='bbox 1524 3837 1669 3908; x_wconf 82' lang='lat' dir='ltr'>:quoniam</span> <span class='ocrx_word' id='word_1_443' title='bbox 1686 3835 1713 3893; x_wconf 86' lang='lat' dir='ltr'>lu</span> <span class='ocrx_word' id='word_1_444' title='bbox 1729 3842 1754 3891; x_wconf 83' lang='lat' dir='ltr'>tt</span> 
     </span>
     <span class='ocr_line' id='line_1_85' title="bbox 972 3926 1752 3992; baseline -0.014 0"><span class='ocrx_word' id='word_1_445' title='bbox 972 3935 1082 3992; x_wconf 84' lang='lat' dir='ltr'>confidit</span> <span class='ocrx_word' id='word_1_446' title='bbox 1104 3934 1193 3989; x_wconf 72' lang='lat' dir='ltr'>aniana</span> <span class='ocrx_word' id='word_1_447' title='bbox 1214 3945 1272 3986; x_wconf 88' lang='lat' dir='ltr'>mea</span> <span class='ocrx_word' id='word_1_448' title='bbox 1287 3932 1343 3985; x_wconf 73' lang='lat' dir='ltr'>*et</span> <span class='ocrx_word' id='word_1_449' title='bbox 1365 3929 1391 3984; x_wconf 92' lang='lat' dir='ltr'>iu</span> <span class='ocrx_word' id='word_1_450' title='bbox 1415 3929 1509 3983; x_wconf 83' lang='lat' dir='ltr'>umbra</span> <span class='ocrx_word' id='word_1_451' title='bbox 1527 3926 1632 3983; x_wconf 84' lang='lat' dir='ltr'>alaram</span> <span class='ocrx_word' id='word_1_452' title='bbox 1655 3935 1752 3991; x_wconf 75' lang='lat' dir='ltr'>turra!</span> 
     </span>
     <span class='ocr_line' id='line_1_86' title="bbox 973 4018 1478 4094; baseline -0.016 -14"><span class='ocrx_word' id='word_1_453' title='bbox 973 4026 1099 4094; x_wconf 86' lang='lat' dir='ltr'>sperabo,</span> <span class='ocrx_word' id='word_1_454' title='bbox 1114 4023 1199 4077; x_wconf 89' lang='lat' dir='ltr'>donec</span> <span class='ocrx_word' id='word_1_455' title='bbox 1210 4031 1330 4075; x_wconf 87' lang='lat' dir='ltr'>transeat</span> <span class='ocrx_word' id='word_1_456' title='bbox 1342 4018 1478 4087; x_wconf 78' lang='lat' dir='ltr'>iniquitas.</span> 
     </span>
     <span class='ocr_line' id='line_1_87' title="bbox 1009 4104 1752 4180; baseline -0.008 -10"><span class='ocrx_word' id='word_1_457' title='bbox 1009 4116 1139 4170; x_wconf 86' lang='lat' dir='ltr'>Clamabo</span> <span class='ocrx_word' id='word_1_458' title='bbox 1162 4114 1293 4168; x_wconf 81' lang='lat' dir='ltr'>atberun</span> <span class='ocrx_word' id='word_1_459' title='bbox 1314 4111 1473 4166; x_wconf 89' lang='lat' dir='ltr'>altissimum</span> <span class='ocrx_word' id='word_1_460' title='bbox 1490 4108 1547 4166; x_wconf 80' lang='lat' dir='ltr'>&#39;ad</span> <span class='ocrx_word' id='word_1_461' title='bbox 1561 4104 1752 4180; x_wconf 73' lang='lat' dir='ltr'>brutarum</span> 
     </span>
     <span class='ocr_line' id='line_1_88' title="bbox 973 4206 1198 4264; baseline -0.018 0"><span class='ocrx_word' id='word_1_462' title='bbox 973 4206 1105 4264; x_wconf 80' lang='lat' dir='ltr'>benefecit</span> <span class='ocrx_word' id='word_1_463' title='bbox 1121 4207 1198 4262; x_wconf 87' lang='lat' dir='ltr'>milri.</span> 
     </span>
     <span class='ocr_line' id='line_1_89' title="bbox 1289 4295 1449 4367; baseline -0.013 -16"><span class='ocrx_word' id='word_1_464' title='bbox 1289 4295 1449 4367; x_wconf 84' lang='lat' dir='ltr'>Diopmlma.</span> 
     </span>
    </p>
   </div>
   <div class='ocr_carea' id='block_1_21' title="bbox 936 4381 1750 4483">
    <p class='ocr_par' dir='ltr' id='par_1_44' title="bbox 936 4381 1750 4483">
     <span class='ocr_line' id='line_1_90' title="bbox 936 4381 1750 4483; baseline -0.009 -39"><span class='ocrx_word' id='word_1_465' title='bbox 936 4418 965 4483; x_wconf 64' lang='lat' dir='ltr'><strong>n</strong></span> <span class='ocrx_word' id='word_1_466' title='bbox 1013 4389 1126 4445; x_wconf 81' lang='lat' dir='ltr'>ilisitcle</span> <span class='ocrx_word' id='word_1_467' title='bbox 1151 4388 1230 4452; x_wconf 88' lang='lat' dir='ltr'>coelo,</span> <span class='ocrx_word' id='word_1_468' title='bbox 1255 4400 1281 4443; x_wconf 89' lang='lat' dir='ltr'>ct</span> <span class='ocrx_word' id='word_1_469' title='bbox 1302 4386 1413 4441; x_wconf 82' lang='lat' dir='ltr'>saluauit</span> <span class='ocrx_word' id='word_1_470' title='bbox 1434 4382 1589 4442; x_wconf 76' lang='lat' dir='ltr'>me*tledit</span> <span class='ocrx_word' id='word_1_471' title='bbox 1612 4382 1640 4439; x_wconf 86' lang='lat' dir='ltr'>in</span> <span class='ocrx_word' id='word_1_472' title='bbox 1662 4381 1750 4453; x_wconf 71' lang='lat' dir='ltr'>obpro·</span> 
     </span>
    </p>
   </div>
   <div class='ocr_carea' id='block_1_22' title="bbox 171 4448 1329 4534">
    <p class='ocr_par' dir='ltr' id='par_1_45' title="bbox 171 4448 1329 4534">
     <span class='ocr_line' id='line_1_91' title="bbox 171 4448 1329 4534; baseline 0.004 -32"><span class='ocrx_word' id='word_1_473' title='bbox 171 4450 204 4503; x_wconf 79' lang='lat' dir='ltr'>Et</span> <span class='ocrx_word' id='word_1_474' title='bbox 217 4448 339 4505; x_wconf 87' lang='lat' dir='ltr'>errandiet</span> <span class='ocrx_word' id='word_1_475' title='bbox 352 4450 434 4517; x_wconf 78' lang='lat' dir='ltr'>licus,</span> <span class='ocrx_word' id='word_1_476' title='bbox 458 4462 485 4507; x_wconf 90' lang='lat' dir='ltr'>et</span> <span class='ocrx_word' id='word_1_477' title='bbox 498 4453 650 4508; x_wconf 86' lang='lat' dir='ltr'>humiliabit</span> <span class='ocrx_word' id='word_1_478' title='bbox 664 4466 722 4521; x_wconf 89' lang='lat' dir='ltr'>ens,</span> <span class='ocrx_word' id='word_1_479' title='bbox 739 4452 784 4523; x_wconf 78' lang='lat' dir='ltr'>nui</span> <span class='ocrx_word' id='word_1_480' title='bbox 798 4459 840 4508; x_wconf 92' lang='lat' dir='ltr'>est</span> <span class='ocrx_word' id='word_1_481' title='bbox 854 4462 917 4508; x_wconf 88' lang='lat' dir='ltr'>autc</span> <span class='ocrx_word' id='word_1_482' title='bbox 976 4480 1062 4533; x_wconf 50' lang='lat' dir='ltr'>mam„</span> <span class='ocrx_word' id='word_1_483' title='bbox 1075 4481 1262 4534; x_wconf 66' lang='lat' dir='ltr'>conculcantes</span> <span class='ocrx_word' id='word_1_484' title='bbox 1276 4493 1329 4531; x_wconf 50' lang='lat' dir='ltr'>me·</span> 
     </span>
    </p>
   </div>
   <div class='ocr_carea' id='block_1_23' title="bbox 136 4541 605 4600">
    <p class='ocr_par' dir='ltr' id='par_1_46' title="bbox 136 4541 605 4600">
     <span class='ocr_line' id='line_1_92' title="bbox 136 4541 605 4600; baseline 0.013 -7"><span class='ocrx_word' id='word_1_485' title='bbox 136 4541 234 4594; x_wconf 82' lang='lat' dir='ltr'>sucula</span> <span class='ocrx_word' id='word_1_486' title='bbox 249 4542 265 4575; x_wconf 59' lang='lat' dir='ltr'>l</span> <span class='ocrx_word' id='word_1_487' title='bbox 279 4551 307 4594; x_wconf 95' lang='lat' dir='ltr'>et</span> <span class='ocrx_word' id='word_1_488' title='bbox 323 4554 411 4596; x_wconf 89' lang='lat' dir='ltr'>rnauct</span> <span class='ocrx_word' id='word_1_489' title='bbox 426 4545 452 4598; x_wconf 90' lang='lat' dir='ltr'>ln</span> <span class='ocrx_word' id='word_1_490' title='bbox 465 4554 605 4600; x_wconf 74' lang='lat' dir='ltr'>aternum.</span> 
     </span>
    </p>
   </div>
   <div class='ocr_carea' id='block_1_24' title="bbox 138 4627 924 4775">
    <p class='ocr_par' dir='ltr' id='par_1_47' title="bbox 138 4627 924 4775">
     <span class='ocr_line' id='line_1_93' title="bbox 171 4627 924 4690; baseline 0.011 -8"><span class='ocrx_word' id='word_1_491' title='bbox 171 4627 228 4682; x_wconf 79' lang='lat' dir='ltr'>Nou</span> <span class='ocrx_word' id='word_1_492' title='bbox 244 4640 295 4682; x_wconf 84' lang='lat' dir='ltr'>cst</span> <span class='ocrx_word' id='word_1_493' title='bbox 316 4633 387 4684; x_wconf 84' lang='lat' dir='ltr'>eninr</span> <span class='ocrx_word' id='word_1_494' title='bbox 409 4632 464 4686; x_wconf 87' lang='lat' dir='ltr'>illis</span> <span class='ocrx_word' id='word_1_495' title='bbox 491 4636 731 4690; x_wconf 73' lang='lat' dir='ltr'>cornrrrurmio*c1</span> <span class='ocrx_word' id='word_1_496' title='bbox 750 4650 803 4690; x_wconf 92' lang='lat' dir='ltr'>non</span> <span class='ocrx_word' id='word_1_497' title='bbox 829 4636 924 4690; x_wconf 90' lang='lat' dir='ltr'>timue·</span> 
     </span>
     <span class='ocr_line' id='line_1_94' title="bbox 138 4719 688 4775; baseline 0.002 0"><span class='ocrx_word' id='word_1_498' title='bbox 138 4729 200 4775; x_wconf 88' lang='lat' dir='ltr'>rum</span> <span class='ocrx_word' id='word_1_499' title='bbox 214 4719 307 4775; x_wconf 88' lang='lat' dir='ltr'>Deum.</span> <span class='ocrx_word' id='word_1_500' title='bbox 684 4724 688 4732; x_wconf 91' lang='grc'><strong>“</strong></span> 
     </span>
    </p>
   </div>
   <div class='ocr_carea' id='block_1_25' title="bbox 137 4806 928 5708">
    <p class='ocr_par' dir='ltr' id='par_1_48' title="bbox 137 4806 926 5064">
     <span class='ocr_line' id='line_1_95' title="bbox 171 4806 926 4872; baseline 0.011 -9"><span class='ocrx_word' id='word_1_501' title='bbox 171 4806 297 4864; x_wconf 80' lang='lat' dir='ltr'>Extendit</span> <span class='ocrx_word' id='word_1_502' title='bbox 319 4826 427 4865; x_wconf 87' lang='lat' dir='ltr'>manum</span> <span class='ocrx_word' id='word_1_503' title='bbox 449 4825 524 4866; x_wconf 87' lang='lat' dir='ltr'>suam</span> <span class='ocrx_word' id='word_1_504' title='bbox 541 4814 567 4868; x_wconf 92' lang='lat' dir='ltr'>in</span> <span class='ocrx_word' id='word_1_505' title='bbox 581 4815 755 4870; x_wconf 90' lang='lat' dir='ltr'>retribuendo</span> <span class='ocrx_word' id='word_1_506' title='bbox 770 4816 823 4871; x_wconf 88' lang='lat' dir='ltr'>illis</span> <span class='ocrx_word' id='word_1_507' title='bbox 839 4830 846 4872; x_wconf 81' lang='lat' dir='ltr'>t</span> <span class='ocrx_word' id='word_1_508' title='bbox 863 4831 926 4872; x_wconf 91' lang='lat' dir='ltr'>cou-</span> 
     </span>
     <span class='ocr_line' id='line_1_96' title="bbox 139 4900 924 4963; baseline 0.011 -9"><span class='ocrx_word' id='word_1_509' title='bbox 139 4900 336 4956; x_wconf 89' lang='lat' dir='ltr'>taminarcrunt</span> <span class='ocrx_word' id='word_1_510' title='bbox 350 4910 538 4958; x_wconf 64' lang='lat' dir='ltr'>testamentum</span> <span class='ocrx_word' id='word_1_511' title='bbox 561 4905 619 4961; x_wconf 88' lang='lat' dir='ltr'>eins</span> <span class='ocrx_word' id='word_1_512' title='bbox 634 4907 649 4941; x_wconf 71' lang='lat'>⁴⁸</span> <span class='ocrx_word' id='word_1_513' title='bbox 663 4907 743 4962; x_wconf 82' lang='lat' dir='ltr'>‹liuisi</span> <span class='ocrx_word' id='word_1_514' title='bbox 759 4918 820 4963; x_wconf 88' lang='lat' dir='ltr'>sum</span> <span class='ocrx_word' id='word_1_515' title='bbox 834 4908 868 4963; x_wconf 89' lang='lat' dir='ltr'>ab</span> <span class='ocrx_word' id='word_1_516' title='bbox 886 4908 924 4963; x_wconf 91' lang='lat' dir='ltr'>ira</span> 
     </span>
     <span class='ocr_line' id='line_1_97' title="bbox 137 4992 679 5064; baseline 0.013 -18"><span class='ocrx_word' id='word_1_517' title='bbox 137 4993 225 5047; x_wconf 87' lang='lat' dir='ltr'>rnltus</span> <span class='ocrx_word' id='word_1_518' title='bbox 238 4992 305 5059; x_wconf 89' lang='lat' dir='ltr'>eius,</span> <span class='ocrx_word' id='word_1_519' title='bbox 317 5002 343 5047; x_wconf 90' lang='lat' dir='ltr'>ct</span> <span class='ocrx_word' id='word_1_520' title='bbox 357 4994 539 5064; x_wconf 77' lang='lat' dir='ltr'>adprropriabit</span> <span class='ocrx_word' id='word_1_521' title='bbox 548 5011 596 5051; x_wconf 93' lang='lat' dir='ltr'>cor</span> <span class='ocrx_word' id='word_1_522' title='bbox 610 4997 679 5052; x_wconf 85' lang='lat' dir='ltr'>eius.</span> 
     </span>
    </p>

    <p class='ocr_par' dir='ltr' id='par_1_49' title="bbox 138 5084 925 5231">
     <span class='ocr_line' id='line_1_98' title="bbox 172 5084 925 5162; baseline 0.009 -24"><span class='ocrx_word' id='word_1_523' title='bbox 172 5084 324 5138; x_wconf 88' lang='lat' dir='ltr'>binllieruut</span> <span class='ocrx_word' id='word_1_524' title='bbox 344 5100 484 5141; x_wconf 85' lang='lat' dir='ltr'>sermones</span> <span class='ocrx_word' id='word_1_525' title='bbox 508 5103 571 5143; x_wconf 92' lang='lat' dir='ltr'>suos</span> <span class='ocrx_word' id='word_1_526' title='bbox 592 5104 673 5158; x_wconf 91' lang='lat' dir='ltr'>super</span> <span class='ocrx_word' id='word_1_527' title='bbox 693 5090 784 5147; x_wconf 90' lang='lat' dir='ltr'>oleam</span> <span class='ocrx_word' id='word_1_528' title='bbox 801 5091 816 5126; x_wconf 62' lang='lat' dir='ltr'>l</span> <span class='ocrx_word' id='word_1_529' title='bbox 833 5088 925 5162; x_wconf 82' lang='lat' dir='ltr'>stipsi</span> 
     </span>
     <span class='ocr_line' id='line_1_99' title="bbox 138 5175 309 5231; baseline 0.006 -2"><span class='ocrx_word' id='word_1_530' title='bbox 138 5187 198 5229; x_wconf 83' lang='lat' dir='ltr'>sum</span> <span class='ocrx_word' id='word_1_531' title='bbox 213 5175 309 5231; x_wconf 86' lang='lat' dir='ltr'>iacula.</span> 
     </span>
    </p>

    <p class='ocr_par' dir='ltr' id='par_1_50' title="bbox 138 5265 927 5421">
     <span class='ocr_line' id='line_1_100' title="bbox 173 5265 927 5341; baseline 0.015 -22"><span class='ocrx_word' id='word_1_532' title='bbox 173 5265 243 5321; x_wconf 87' lang='lat' dir='ltr'>lacta</span> <span class='ocrx_word' id='word_1_533' title='bbox 257 5269 282 5321; x_wconf 95' lang='lat' dir='ltr'>in</span> <span class='ocrx_word' id='word_1_534' title='bbox 298 5266 354 5323; x_wconf 85' lang='lat' dir='ltr'>Dco</span> <span class='ocrx_word' id='word_1_535' title='bbox 367 5270 513 5341; x_wconf 75' lang='lat' dir='ltr'>cogitarunt</span> <span class='ocrx_word' id='word_1_536' title='bbox 531 5282 619 5336; x_wconf 85' lang='lat' dir='ltr'>turum,</span> <span class='ocrx_word' id='word_1_537' title='bbox 634 5274 732 5341; x_wconf 85' lang='lat' dir='ltr'>etipse</span> <span class='ocrx_word' id='word_1_538' title='bbox 747 5285 772 5329; x_wconf 88' lang='lat' dir='ltr'>te</span> <span class='ocrx_word' id='word_1_539' title='bbox 785 5272 927 5329; x_wconf 63' lang='lat' dir='ltr'>enutriet*</span> 
     </span>
     <span class='ocr_line' id='line_1_101' title="bbox 138 5344 772 5421; baseline 0.014 -11"><span class='ocrx_word' id='word_1_540' title='bbox 138 5372 192 5411; x_wconf 92' lang='lat' dir='ltr'>nou</span> <span class='ocrx_word' id='word_1_541' title='bbox 204 5359 277 5413; x_wconf 89' lang='lat' dir='ltr'>dabit</span> <span class='ocrx_word' id='word_1_542' title='bbox 292 5360 318 5413; x_wconf 94' lang='lat' dir='ltr'>in</span> <span class='ocrx_word' id='word_1_543' title='bbox 331 5344 462 5416; x_wconf 82' lang='lat' dir='ltr'>aeleruum</span> <span class='ocrx_word' id='word_1_544' title='bbox 477 5364 678 5420; x_wconf 66' lang='lat' dir='ltr'>incarnationem</span> <span class='ocrx_word' id='word_1_545' title='bbox 695 5371 772 5421; x_wconf 88' lang='lat' dir='ltr'>iusto.</span> 
     </span>
    </p>

    <p class='ocr_par' dir='ltr' id='par_1_51' title="bbox 139 5448 928 5708">
     <span class='ocr_line' id='line_1_102' title="bbox 175 5448 926 5526; baseline 0.011 -24"><span class='ocrx_word' id='word_1_546' title='bbox 175 5448 214 5502; x_wconf 81' lang='lat' dir='ltr'>Tu</span> <span class='ocrx_word' id='word_1_547' title='bbox 228 5465 302 5517; x_wconf 79' lang='lat' dir='ltr'>vcro,</span> <span class='ocrx_word' id='word_1_548' title='bbox 318 5450 399 5518; x_wconf 87' lang='lat' dir='ltr'>Deus,</span> <span class='ocrx_word' id='word_1_549' title='bbox 415 5453 532 5510; x_wconf 83' lang='lat' dir='ltr'>deduces</span> <span class='ocrx_word' id='word_1_550' title='bbox 553 5471 600 5512; x_wconf 89' lang='lat' dir='ltr'>cos</span> <span class='ocrx_word' id='word_1_551' title='bbox 614 5456 641 5510; x_wconf 90' lang='lat' dir='ltr'>in</span> <span class='ocrx_word' id='word_1_552' title='bbox 661 5466 770 5526; x_wconf 90' lang='lat' dir='ltr'>puteum</span> <span class='ocrx_word' id='word_1_553' title='bbox 780 5455 926 5511; x_wconf 71' lang='lat' dir='ltr'>interitus*</span> 
     </span>
     <span class='ocr_line' id='line_1_103' title="bbox 139 5536 928 5607; baseline 0.015 -17"><span class='ocrx_word' id='word_1_554' title='bbox 139 5536 188 5592; x_wconf 82' lang='lat' dir='ltr'>riri</span> <span class='ocrx_word' id='word_1_555' title='bbox 215 5541 391 5607; x_wconf 79' lang='lat' dir='ltr'>sanguinum,</span> <span class='ocrx_word' id='word_1_556' title='bbox 421 5553 447 5597; x_wconf 91' lang='lat' dir='ltr'>ct</span> <span class='ocrx_word' id='word_1_557' title='bbox 470 5543 557 5598; x_wconf 82' lang='lat' dir='ltr'>dolosi</span> <span class='ocrx_word' id='word_1_558' title='bbox 587 5562 639 5600; x_wconf 82' lang='lat' dir='ltr'>raon</span> <span class='ocrx_word' id='word_1_559' title='bbox 668 5544 847 5601; x_wconf 86' lang='lat' dir='ltr'>dimidiabunt</span> <span class='ocrx_word' id='word_1_560' title='bbox 870 5543 928 5602; x_wconf 80' lang='lat' dir='ltr'>dics</span> 
     </span>
     <span class='ocr_line' id='line_1_104' title="bbox 139 5634 711 5708; baseline 0.016 -24"><span class='ocrx_word' id='word_1_561' title='bbox 139 5645 203 5685; x_wconf 81' lang='lat' dir='ltr'>suos</span> <span class='ocrx_word' id='word_1_562' title='bbox 219 5648 287 5703; x_wconf 76' lang='lat' dir='ltr'>:ego</span> <span class='ocrx_word' id='word_1_563' title='bbox 303 5648 365 5691; x_wconf 86' lang='lat' dir='ltr'>vero</span> <span class='ocrx_word' id='word_1_564' title='bbox 376 5634 403 5690; x_wconf 90' lang='lat' dir='ltr'>iu</span> <span class='ocrx_word' id='word_1_565' title='bbox 418 5645 443 5693; x_wconf 94' lang='lat' dir='ltr'>tc</span> <span class='ocrx_word' id='word_1_566' title='bbox 458 5638 573 5708; x_wconf 85' lang='lat' dir='ltr'>sperabi,</span> <span class='ocrx_word' id='word_1_567' title='bbox 589 5638 711 5697; x_wconf 84' lang='lat' dir='ltr'>Domine.</span> 
     </span>
    </p>
   </div>
   <div class='ocr_carea' id='block_1_26' title="bbox 975 4564 1769 5731">
    <p class='ocr_par' dir='ltr' id='par_1_52' title="bbox 975 4564 1748 4815">
     <span class='ocr_line' id='line_1_105' title="bbox 1011 4564 1748 4630; baseline -0.008 -7"><span class='ocrx_word' id='word_1_568' title='bbox 1011 4570 1081 4624; x_wconf 72' lang='lat' dir='ltr'>llicit</span> <span class='ocrx_word' id='word_1_569' title='bbox 1105 4569 1175 4624; x_wconf 80' lang='lat' dir='ltr'>Deus</span> <span class='ocrx_word' id='word_1_570' title='bbox 1200 4566 1412 4624; x_wconf 90' lang='lat' dir='ltr'>misericordiam</span> <span class='ocrx_word' id='word_1_571' title='bbox 1436 4578 1533 4630; x_wconf 84' lang='lat' dir='ltr'>suam,</span> <span class='ocrx_word' id='word_1_572' title='bbox 1570 4573 1599 4621; x_wconf 87' lang='lat' dir='ltr'>et</span> <span class='ocrx_word' id='word_1_573' title='bbox 1625 4564 1748 4623; x_wconf 74' lang='lat' dir='ltr'>veritate!</span> 
     </span>
     <span class='ocr_line' id='line_1_106' title="bbox 975 4654 1748 4725; baseline -0.003 -14"><span class='ocrx_word' id='word_1_574' title='bbox 975 4673 1049 4713; x_wconf 91' lang='lat' dir='ltr'>snam</span> <span class='ocrx_word' id='word_1_575' title='bbox 1062 4662 1072 4683; x_wconf 81' lang='grc'><em>·</em></span> <span class='ocrx_word' id='word_1_576' title='bbox 1084 4668 1110 4713; x_wconf 88' lang='lat' dir='ltr'>ct</span> <span class='ocrx_word' id='word_1_577' title='bbox 1125 4661 1238 4713; x_wconf 88' lang='lat' dir='ltr'>anirnam</span> <span class='ocrx_word' id='word_1_578' title='bbox 1255 4674 1341 4713; x_wconf 89' lang='lat' dir='ltr'>ruearn</span> <span class='ocrx_word' id='word_1_579' title='bbox 1355 4656 1452 4725; x_wconf 90' lang='lat' dir='ltr'>eripuit</span> <span class='ocrx_word' id='word_1_580' title='bbox 1465 4654 1601 4710; x_wconf 87' lang='lat' dir='ltr'>demedio</span> <span class='ocrx_word' id='word_1_581' title='bbox 1616 4656 1748 4710; x_wconf 79' lang='lat' dir='ltr'>catulam</span> 
     </span>
     <span class='ocr_line' id='line_1_107' title="bbox 976 4749 1422 4815; baseline -0.009 -12"><span class='ocrx_word' id='word_1_582' title='bbox 976 4749 1093 4815; x_wconf 87' lang='lat' dir='ltr'>leonum,</span> <span class='ocrx_word' id='word_1_583' title='bbox 1110 4749 1223 4803; x_wconf 76' lang='lat' dir='ltr'>dormibi</span> <span class='ocrx_word' id='word_1_584' title='bbox 1237 4749 1422 4803; x_wconf 89' lang='lat' dir='ltr'>conturbatus.</span> 
     </span>
    </p>

    <p class='ocr_par' dir='ltr' id='par_1_53' title="bbox 976 4831 1749 4999">
     <span class='ocr_line' id='line_1_108' title="bbox 1013 4831 1749 4905; baseline -0.014 -12"><span class='ocrx_word' id='word_1_585' title='bbox 1013 4839 1071 4893; x_wconf 80' lang='lat' dir='ltr'>l&#39;iiii</span> <span class='ocrx_word' id='word_1_586' title='bbox 1090 4838 1228 4892; x_wconf 80' lang='lat' dir='ltr'>licerinum</span> <span class='ocrx_word' id='word_1_587' title='bbox 1242 4838 1337 4893; x_wconf 87' lang='lat' dir='ltr'>dentes</span> <span class='ocrx_word' id='word_1_588' title='bbox 1350 4852 1442 4892; x_wconf 90' lang='lat' dir='ltr'>eorum</span> <span class='ocrx_word' id='word_1_589' title='bbox 1463 4850 1537 4890; x_wconf 84' lang='lat' dir='ltr'>arma</span> <span class='ocrx_word' id='word_1_590' title='bbox 1552 4844 1581 4891; x_wconf 88' lang='lat' dir='ltr'>et</span> <span class='ocrx_word' id='word_1_591' title='bbox 1599 4834 1693 4905; x_wconf 67' lang='lat' dir='ltr'>sarrin</span> <span class='ocrx_word' id='word_1_592' title='bbox 1704 4831 1749 4883; x_wconf 73' lang='lat' dir='ltr'>lel</span> 
     </span>
     <span class='ocr_line' id='line_1_109' title="bbox 976 4928 1421 4999; baseline -0.009 -15"><span class='ocrx_word' id='word_1_593' title='bbox 976 4930 1066 4999; x_wconf 77' lang='lat' dir='ltr'>lingna</span> <span class='ocrx_word' id='word_1_594' title='bbox 1081 4943 1173 4982; x_wconf 90' lang='lat' dir='ltr'>corurn</span> <span class='ocrx_word' id='word_1_595' title='bbox 1188 4928 1321 4984; x_wconf 84' lang='lat' dir='ltr'>maclraera</span> <span class='ocrx_word' id='word_1_596' title='bbox 1333 4936 1421 4982; x_wconf 88' lang='lat' dir='ltr'>acuta.</span> 
     </span>
    </p>

    <p class='ocr_par' dir='ltr' id='par_1_54' title="bbox 976 5019 1746 5181">
     <span class='ocr_line' id='line_1_110' title="bbox 1013 5019 1746 5088; baseline -0.012 -12"><span class='ocrx_word' id='word_1_597' title='bbox 1013 5019 1138 5076; x_wconf 67' lang='lat' dir='ltr'>limitare</span> <span class='ocrx_word' id='word_1_598' title='bbox 1149 5034 1229 5088; x_wconf 87' lang='lat' dir='ltr'>super</span> <span class='ocrx_word' id='word_1_599' title='bbox 1243 5021 1326 5075; x_wconf 78' lang='lat' dir='ltr'>caelos</span> <span class='ocrx_word' id='word_1_600' title='bbox 1340 5020 1410 5074; x_wconf 83' lang='lat' dir='ltr'>Deus</span> <span class='ocrx_word' id='word_1_601' title='bbox 1424 5019 1439 5052; x_wconf 67' lang='lat'><em>⁴</em></span> <span class='ocrx_word' id='word_1_602' title='bbox 1452 5030 1480 5074; x_wconf 91' lang='lat' dir='ltr'>et</span> <span class='ocrx_word' id='word_1_603' title='bbox 1493 5033 1575 5087; x_wconf 72' lang='lat' dir='ltr'>supter</span> <span class='ocrx_word' id='word_1_604' title='bbox 1590 5028 1695 5073; x_wconf 83' lang='lat' dir='ltr'>omnem</span> <span class='ocrx_word' id='word_1_605' title='bbox 1708 5020 1746 5067; x_wconf 85' lang='lat' dir='ltr'>ter·</span> 
     </span>
     <span class='ocr_line' id='line_1_111' title="bbox 976 5109 1476 5181; baseline -0.01 -15"><span class='ocrx_word' id='word_1_606' title='bbox 976 5127 1033 5166; x_wconf 90' lang='lat' dir='ltr'>ram</span> <span class='ocrx_word' id='word_1_607' title='bbox 1050 5109 1134 5181; x_wconf 78' lang='lat' dir='ltr'>gloria</span> <span class='ocrx_word' id='word_1_608' title='bbox 1151 5123 1205 5164; x_wconf 89' lang='lat' dir='ltr'>tna.</span> <span class='ocrx_word' id='word_1_609' title='bbox 1472 5170 1476 5177; x_wconf 34' lang='lat'><em>¹</em></span> 
     </span>
    </p>

    <p class='ocr_par' dir='ltr' id='par_1_55' title="bbox 977 5194 1769 5351">
     <span class='ocr_line' id='line_1_112' title="bbox 1014 5194 1751 5272; baseline -0.012 -14"><span class='ocrx_word' id='word_1_610' title='bbox 1014 5204 1134 5270; x_wconf 72' lang='lat' dir='ltr'>errpueos</span> <span class='ocrx_word' id='word_1_611' title='bbox 1148 5202 1311 5271; x_wconf 86' lang='lat' dir='ltr'>paraberunt</span> <span class='ocrx_word' id='word_1_612' title='bbox 1333 5201 1444 5272; x_wconf 84' lang='lat' dir='ltr'>pedibus</span> <span class='ocrx_word' id='word_1_613' title='bbox 1464 5201 1532 5257; x_wconf 88' lang='lat' dir='ltr'>meis</span> <span class='ocrx_word' id='word_1_614' title='bbox 1544 5202 1553 5224; x_wconf 81' lang='lat'><em>⁶</em></span> <span class='ocrx_word' id='word_1_615' title='bbox 1565 5210 1594 5256; x_wconf 90' lang='lat' dir='ltr'>et</span> <span class='ocrx_word' id='word_1_616' title='bbox 1606 5194 1751 5255; x_wconf 77' lang='lat' dir='ltr'>incurbabe-</span> 
     </span>
     <span class='ocr_line' id='line_1_113' title="bbox 977 5278 1769 5351; baseline -0.009 0"><span class='ocrx_word' id='word_1_617' title='bbox 977 5304 1039 5351; x_wconf 83' lang='lat' dir='ltr'>runt</span> <span class='ocrx_word' id='word_1_618' title='bbox 1054 5297 1169 5349; x_wconf 88' lang='lat' dir='ltr'>auimam</span> <span class='ocrx_word' id='word_1_619' title='bbox 1184 5309 1281 5349; x_wconf 83' lang='lat' dir='ltr'>turcam.</span> <span class='ocrx_word' id='word_1_620' title='bbox 1766 5278 1769 5286; x_wconf 48' lang='lat'><strong>¹</strong></span> 
     </span>
    </p>

    <p class='ocr_par' dir='ltr' id='par_1_56' title="bbox 979 5374 1754 5536">
     <span class='ocr_line' id='line_1_114' title="bbox 1015 5374 1754 5451; baseline -0.011 -12"><span class='ocrx_word' id='word_1_621' title='bbox 1015 5386 1150 5440; x_wconf 81' lang='lat' dir='ltr'>Foderunt</span> <span class='ocrx_word' id='word_1_622' title='bbox 1163 5398 1225 5446; x_wconf 85' lang='lat' dir='ltr'>autc</span> <span class='ocrx_word' id='word_1_623' title='bbox 1240 5385 1332 5441; x_wconf 78' lang='lat' dir='ltr'>facicm</span> <span class='ocrx_word' id='word_1_624' title='bbox 1348 5399 1432 5439; x_wconf 86' lang='lat' dir='ltr'>rocam</span> <span class='ocrx_word' id='word_1_625' title='bbox 1444 5380 1550 5439; x_wconf 89' lang='lat' dir='ltr'>lobeam</span> <span class='ocrx_word' id='word_1_626' title='bbox 1565 5383 1580 5418; x_wconf 65' lang='lat'>⁸</span> <span class='ocrx_word' id='word_1_627' title='bbox 1593 5392 1621 5437; x_wconf 89' lang='lat' dir='ltr'>ct</span> <span class='ocrx_word' id='word_1_628' title='bbox 1635 5379 1683 5451; x_wconf 83' lang='lat' dir='ltr'>ipsi</span> <span class='ocrx_word' id='word_1_629' title='bbox 1696 5374 1754 5435; x_wconf 84' lang='lat' dir='ltr'>ioci·</span> 
     </span>
     <span class='ocr_line' id='line_1_115' title="bbox 979 5480 1201 5536; baseline 0 -2"><span class='ocrx_word' id='word_1_630' title='bbox 979 5480 1073 5536; x_wconf 89' lang='lat' dir='ltr'>derunt</span> <span class='ocrx_word' id='word_1_631' title='bbox 1090 5483 1115 5533; x_wconf 93' lang='lat' dir='ltr'>iu</span> <span class='ocrx_word' id='word_1_632' title='bbox 1131 5493 1201 5534; x_wconf 89' lang='lat' dir='ltr'>cam.</span> 
     </span>
    </p>

    <p class='ocr_par' dir='ltr' id='par_1_57' title="bbox 983 5556 1757 5731">
     <span class='ocr_line' id='line_1_116' title="bbox 1014 5556 1757 5639; baseline -0.013 -14"><span class='ocrx_word' id='word_1_633' title='bbox 1014 5570 1139 5625; x_wconf 84' lang='lat' dir='ltr'>Paratum</span> <span class='ocrx_word' id='word_1_634' title='bbox 1164 5584 1209 5622; x_wconf 92' lang='lat' dir='ltr'>cor</span> <span class='ocrx_word' id='word_1_635' title='bbox 1233 5584 1321 5625; x_wconf 85' lang='lat' dir='ltr'>nucum</span> <span class='ocrx_word' id='word_1_636' title='bbox 1345 5567 1427 5634; x_wconf 80' lang='lat' dir='ltr'>Deua,</span> <span class='ocrx_word' id='word_1_637' title='bbox 1448 5576 1570 5639; x_wconf 88' lang='lat' dir='ltr'>paratum</span> <span class='ocrx_word' id='word_1_638' title='bbox 1591 5579 1638 5621; x_wconf 92' lang='lat' dir='ltr'>cor</span> <span class='ocrx_word' id='word_1_639' title='bbox 1657 5556 1757 5619; x_wconf 75' lang='lat' dir='ltr'>meum·</span> 
     </span>
     <span class='ocr_line' id='line_1_117' title="bbox 983 5660 1271 5731; baseline -0.007 -15"><span class='ocrx_word' id='word_1_640' title='bbox 983 5661 1094 5716; x_wconf 73' lang='lat' dir='ltr'>tattlalrc</span> <span class='ocrx_word' id='word_1_641' title='bbox 1109 5671 1133 5716; x_wconf 80' lang='lat' dir='ltr'>ei</span> <span class='ocrx_word' id='word_1_642' title='bbox 1149 5660 1271 5731; x_wconf 80' lang='lat' dir='ltr'>psallam.</span> 
     </span>
    </p>
   </div>
   <div class='ocr_carea' id='block_1_27' title="bbox 0 0 1902 6224">
    <p class='ocr_par' dir='ltr' id='par_1_58' title="bbox 0 0 1902 6224">
     <span class='ocr_line' id='line_1_118' title="bbox 0 0 1902 6224; baseline 0 0"><span class='ocrx_word' id='word_1_643' title='bbox 0 0 1902 6224; x_wconf 95' lang='lat' dir='ltr'> </span> 
     </span>
    </p>
   </div>
  </div>
 </body>
</html>
