3758 6224
501 325 741 386 sanctorale,
764 357 797 368 -
816 324 926 388 lustr
948 331 1156 396 urcundum.

129 440 210 511 llquo
223 440 306 496 citum
316 437 430 509 cupiens
442 435 555 506 obitum,

128 530 239 603 appetit
252 539 280 587 et
294 529 361 588 bibit
376 544 423 587 ore
434 544 540 600 rogum.

163 622 269 679 Emicat
279 620 343 678 inde
354 621 483 678 column
493 621 601 694 replens

127 719 250 791 ildrtyris
265 732 307 785 os,
323 718 383 775 nire
395 718 533 775 candidior

128 811 190 867 Visa
206 811 369 881 relinquere,
385 819 413 865 et
421 820 494 867 astra
507 811 583 880 sequi
595 829 602 864 ε

127 902 243 972 Spiritus
254 902 297 958 hic
309 912 367 958 erat
380 902 490 959 Eulaliae

125 992 277 1060 Lacteolus,
289 994 372 1062 celer,
387 993 527 1050 innocuus.

161 1082 235 1140 cotta
250 1084 345 1151 ddunt,
360 1084 477 1141 abedute
490 1084 591 1151 enimi,

127 1175 162 1232 lit
175 1191 256 1246 rogus
270 1178 363 1247 lgneus
375 1176 523 1235 emoritur:

125 1264 181 1320 Par
196 1266 274 1322 datur
285 1266 395 1323 ortubus
408 1265 549 1334 erdnimis,

125 1354 215 1412 Flatus
230 1357 256 1412 in
269 1356 368 1412 athera
384 1357 486 1428 plaudit
499 1372 595 1426 orans,

125 1444 289 1516 Templaque
302 1447 373 1502 celsa
388 1448 455 1518 petit
468 1446 589 1508 volucer.

162 1539 234 1595 Vidit
247 1548 274 1597 et
290 1541 347 1611 ipse
362 1541 472 1598 satelles
486 1541 571 1601 brem

126 1629 243 1686 Feminae
254 1631 289 1687 ab
301 1645 349 1688 ore
360 1631 452 1689 meare
465 1635 556 1701 palam
571 1653 577 1688 .-

125 1721 338 1792 Obstupelootus,
353 1729 380 1780 et
392 1721 521 1784 attonitus

124 1813 242 1884 Prosilit,
257 1825 284 1872 et
296 1830 345 1872 sua
359 1826 433 1887 qesta
449 1819 531 1892 iugit3

123 1907 214 1962 lictor
226 1914 254 1964 et
266 1908 323 1979 ipse
338 1905 406 1980 luqit
420 1910 543 1980 polidus.

160 1997 229 2055 Ecce
242 1999 330 2056 nivem
344 1999 464 2070 glacialis
479 2004 573 2075 ltyoms

123 2090 232 2161 lnqerit,
247 2101 274 2146 et
289 2090 353 2163 tegit
368 2106 449 2150 omne
464 2092 569 2150 iorum:

124 2179 293 2252 Membraque
308 2185 466 2256 legittimo!
481 2184 602 2246 Eulaliae.

123 2275 187 2329 llssa
197 2273 287 2344 iacent
303 2277 353 2334 sub
366 2277 465 2349 gelido,

121 2363 224 2420 Pallioli
236 2365 297 2425 rice
307 2367 420 2425 linteoli.

156 2458 239 2519 Cedat
252 2470 328 2519 amor
339 2463 549 2537 laclrrpmdntom
564 2462 713 2526 hominum.

120 2551 168 2618 Qui
183 2554 322 2612 celebrere
334 2557 458 2627 suprema
471 2558 572 2616 solent:

122 2640 225 2701 Flebile
237 2645 315 2701 eedat
325 2657 352 2703 et
366 2646 481 2703 oidcium
496 2664 504 2702 :

118 2727 329 2802 lpsaclementa,
340 2736 451 2805 jubente
466 2737 530 2803 lleo,

120 2825 255 2897 Exequias
270 2829 327 2895 tibi,
342 2829 433 2900 Virgo,
448 2830 545 2887 ierunt.

154 2917 231 2974 Nunc
244 2920 318 2976 locus
331 2918 448 2977 Emerita
463 2932 505 2979 est
519 2922 620 2978 tomulo

118 3005 196 3063 Clara
209 3007 319 3065 Colonia
337 3010 478 3081 llettoniae,

122 3099 206 3168 Quam
221 3101 405 3158 memordbilis
418 3101 505 3158 annuis
516 3102 574 3158 Ana

119 3192 252 3260 Praeterit,
264 3200 292 3249 et
305 3192 439 3250 viriditate
452 3208 534 3265 rapax

116 3283 229 3353 Gurgite
243 3288 341 3341 turonia
355 3284 465 3355 pulchra
479 3284 555 3354 pluit.

154 3374 214 3443 llic,
226 3375 271 3432 nbi
282 3375 415 3432 mormore
429 3377 567 3446 perspicuo

120 3469 192 3525 lltria
207 3469 339 3525 luminant
350 3470 421 3526 alma
436 3469 531 3536 ridtor.

121 3556 154 3614 Et
167 3562 332 3632 peregrinus,
345 3571 372 3618 et
386 3561 508 3633 indigena
523 3581 529 3615 :

121 3651 265 3723 Reliquias,
279 3655 434 3726 cineresque
444 3669 536 3712 sacros

122 3743 215 3800 Servat
229 3746 325 3801 liumus
339 3745 487 3802 veneranda
502 3746 570 3802 sinu.

153 3833 235 3891 Tecta
248 3836 359 3892 corusca
371 3851 452 3907 super
465 3837 574 3894 rotilant

120 3925 157 3981 lle
171 3924 338 3996 laqueoribns
351 3927 477 3995 aureolis,

119 4014 240 4088 Sdraque
253 4032 321 4074 caesa
335 4020 422 4074 solum
437 4019 538 4076 torinnt
552 4040 557 4075 :

122 4107 241 4164 Floribus
254 4118 284 4163 ut
296 4109 429 4166 rorulenta
443 4120 519 4181 putes

123 4196 197 4254 Prata
211 4199 355 4256 rubescere
369 4201 542 4256 multimodis.

152 4291 259 4360 corpite
274 4292 421 4362 purpdreas
435 4292 530 4358 violas,

120 4379 335 4452 Sanguineosqne
349 4397 442 4439 crocos
457 4383 567 4440 metite:

119 4471 175 4530 lton
189 4484 264 4532 earet
278 4474 318 4530 bis
333 4476 452 4544 gemellis
466 4477 575 4548 hyems,

120 4563 203 4621 barat
214 4574 242 4621 et
253 4575 337 4623 arctat
352 4576 444 4637 tepens
456 4568 564 4639 glories,

121 4655 241 4713 Floribus
252 4666 282 4713 ut
291 4660 409 4715 stimulet
421 4659 552 4715 colothus.

155 4749 205 4806 lsta
219 4751 385 4806 cortentibus
398 4752 413 4807 e
424 4751 495 4808 loliis
614 4775 616 4778 ⁴

120 4838 241 4906 liuttere,
255 4843 329 4912 uirgo
342 4840 459 4912 puerque
471 4842 546 4904 date;

120 4930 167 4985 dst
182 4944 232 5001 eqo
246 4941 317 4986 serta
327 4932 410 4986 clroro
422 4941 448 4986 et
462 4931 488 4986 in
504 4931 591 4988 medio

119 5020 202 5078 Texta
217 5024 299 5079 leram
313 5023 382 5092 pede
395 5023 539 5096 Dactylioo,

118 5110 196 5179 tilla,
212 5112 339 5181 meroida,
355 5113 421 5170 iesta
435 5113 532 5170 emen.

153 5200 199 5259 Sic
212 5202 335 5259 renerdri
349 5216 409 5260 ossa
422 5203 496 5272 libet,
601 5207 603 5211 ’

117 5290 226 5349 Ossibus
237 5293 329 5350 ditare
344 5303 372 5349 et
386 5294 558 5363 impositum:

119 5386 478 5456 mmmmmm

118 5478 253 5550 Prospicit
266 5481 334 5551 baec,
349 5481 513 5552 populosque
527 5497 591 5539 suos

117 5565 244 5626 dormine
256 5569 350 5642 propio
364 5571 407 5628 tali
418 5571 517 5630 ioreat.

153 5659 288 5719 boudibus
299 5662 410 5720 ederant
419 5664 525 5721 eximiis

121 5753 209 5821 Astra,
220 5755 319 5823 solum,
332 5771 415 5823 mare,
431 5756 555 5829 quicquid
570 5757 658 5829 halet,

825 439 851 499 Α

1584 348 1653 405 latu

972 452 1021 520 Te,
1037 453 1159 523 Genitor,
1172 452 1352 528 Genitomque
1367 467 1452 527 tuum,

971 544 1124 617 Simplicem
1137 546 1218 604 etiam
1233 560 1259 606 et
1274 551 1403 620 Spiritum

970 634 1109 706 Perpetuis
1123 638 1250 697 resonent
1263 641 1389 699 modulis.

1006 728 1078 785 Festi
1094 732 1173 802 buius
1188 735 1214 789 in
1227 733 1360 801 loudibos,
1375 736 1479 794 bomini

972 818 1088 878 Vocibus
1102 824 1204 881 intonet
1214 827 1284 881 alma
1298 829 1406 895 cobors,

972 912 1112 971 Victricem
1127 918 1171 987 qui
1187 918 1250 974 lecit
1264 918 1408 987 Eulaliam,

968 1002 1080 1061 socians
1090 1007 1215 1065 atltereis
1229 1009 1331 1067 civibus
1342 1011 1472 1083 perpetim

850 1106 855 1112 ·
968 1092 1075 1164 Tritos,
1090 1097 1163 1156 Unus
1177 1096 1316 1156 Dominus.

1001 1190 1099 1246 Amen.

896 1276 1069 1347 supplicetis.
1086 1280 1199 1338 litemus
1216 1281 1434 1353 lledenttptorem,
1448 1284 1547 1340 meloto
1562 1288 1650 1342 nonsi-

860 1387 903 1438 ne,
917 1370 966 1442 fol.
980 1386 1120 1428 onrxtstt.

895 1459 1176 1534 &montismuri
1197 1464 1293 1532 Filius,
1308 1465 1354 1538 qui
1376 1465 1481 1521 bortum
1496 1465 1648 1523 blectdrum

859 1551 1022 1624 impediens,
1039 1555 1110 1611 inter
1130 1555 1185 1612 lllia
1207 1556 1336 1627 posceris.
1352 1556 1458 1628 quandd
1483 1556 1510 1613 in
1534 1556 1649 1628 corporo

860 1654 916 1712 tuo,
929 1647 1002 1718 quod
1021 1657 1063 1705 est
1085 1647 1217 1717 Ecclesia,
1231 1649 1389 1707 Sanctorum
1406 1651 1543 1724 virginum
1569 1653 1648 1711 emti-

860 1736 910 1792 bus
923 1736 1069 1803 decoreris,
1087 1739 1132 1795 ubi
1145 1739 1326 1797 beatissimam
1344 1742 1475 1798 Euloliam
1489 1744 1648 1803 mirabiliter

862 1825 1043 1898 introdocens,
1063 1828 1098 1884 lla
1114 1829 1235 1887 miriliois
1249 1844 1309 1887 eam
1331 1831 1442 1889 boribus
1457 1834 1572 1890 maluisti
1593 1835 1646 1890 lul-

859 1919 925 1984 cire,
940 1929 970 1974 ut
981 1920 1048 1976 odor
1060 1921 1185 1977 rirtdtnm
1201 1922 1259 1993 ejus
1275 1924 1401 1995 tanquam
1414 1924 1523 1980 lloscula
1538 1925 1646 1981 aroma-

858 2018 914 2064 tum
927 2010 961 2066 ad
973 2027 1022 2069 nos
1033 2027 1118 2082 usqne
1131 2013 1322 2072 descenderet:
1335 2024 1361 2072 te
1372 2015 1486 2086 sdpplici
1497 2016 1646 2074 intentione

859 2102 995 2172 rogemus,
1006 2111 1044 2171 ut,
1058 2103 1155 2161 amotis
1171 2105 1261 2174 llqdris
1271 2107 1369 2164 noteris
1383 2108 1559 2178 Testamenti,
1574 2125 1645 2181 quse,

857 2192 930 2248 uelut
951 2192 1064 2260 umbras,
1078 2195 1104 2250 in
1122 2195 1226 2265 typicis
1249 2197 1483 2254 observationibus
1498 2199 1645 2270 praeoesse-
1738 2249 1739 2253 ,

857 2291 930 2348 runt,
944 2281 1003 2339 dies
1022 2284 1076 2351 illa,
1094 2284 1251 2357 Evangelioa
1272 2287 1364 2358 titique
1380 2288 1503 2357 traditio,
1521 2289 1548 2344 in
1569 2287 1646 2345 nobis

857 2372 1000 2442 aspirendo
1015 2373 1147 2444 prollciat,
1159 2376 1274 2447 quolitdr
1285 2376 1321 2432 ild
1332 2377 1454 2448 exemplo
1468 2379 1578 2447 virginis
1592 2378 1644 2434 bu-

857 2461 927 2518 ldliae
947 2463 1082 2534 Evangelii
1107 2464 1193 2521 lucem
1217 2466 1271 2520 totd
1286 2465 1429 2521 devotione
1448 2467 1602 2537 sequimur,
1618 2476 1647 2522 ut

856 2553 965 2609 umbras
979 2553 1104 2623 praeteriti
1120 2555 1232 2618 erroris,
1244 2564 1270 2610 et
1284 2554 1404 2611 criminis
1415 2557 1577 2612 nesciamus.

891 2641 971 2698 Patet
985 2651 1086 2698 noster.
1101 2642 1218 2699 biberoti
1228 2643 1244 2697 a
1256 2643 1336 2701 malo.
1349 2643 1397 2714 [ol.
1408 2642 1437 2699 2.
1456 2643 1461 2650 '

893 2731 1051 2791 Bettadlatio.
1066 2733 1136 2790 beus
1149 2736 1287 2803 rirttitum,
1303 2751 1351 2806 per
1364 2751 1443 2807 qoem
1456 2745 1549 2792 sancta
1563 2736 1642 2792 unll-

855 2824 903 2895 lia,
914 2825 978 2881 dum
985 2825 1018 2882 ad
1035 2825 1186 2896 passionem
1201 2827 1283 2893 radit,
1292 2825 1326 2882 ad
1336 2826 1448 2897 gloriam
1460 2827 1642 2896 persenit,dsl

853 2916 941 2986 robis,
958 2930 1006 2972 nec
1020 2917 1145 2973 vitiorum
1163 2917 1333 2988 passionibus
1356 2917 1496 2986 adstringi,
1512 2928 1537 2973 et
1553 2917 1569 2971 l
1583 2931 1644 2986 pas·

854 3008 960 3065 tionum
976 3009 1047 3065 viliis
1061 3009 1189 3066 liberdri:
1212 3010 1250 3079 ri.
1266 3011 1361 3065 dmen.
1378 3008 1442 3076 Qua
1456 3024 1503 3065 sua
1519 3007 1639 3063 membra

815 3128 839 3194 c
855 3116 907 3158 non
921 3103 1004 3170 viliis,
1029 3103 1076 3158 sed
1092 3119 1140 3171 pro
1161 3103 1218 3158 ilco
1241 3101 1409 3173 passionibus
1423 3100 1551 3167 subdidit,
1566 3099 1638 3154 obti-

854 3201 916 3250 neat
928 3208 977 3249 ros
990 3193 1136 3264 uumqudm
1151 3192 1329 3249 tentationum
1343 3192 1533 3248 certaminibus
1551 3191 1637 3257 rinci;

860 3284 898 3354 ri.
913 3284 1012 3341 Amen.
1025 3283 1070 3351 Ul,
1085 3285 1154 3340 sicut
1167 3285 1211 3340 illa
1229 3294 1288 3350 post
1301 3285 1452 3354 passionom
1465 3282 1580 3337 obtinuit
1591 3296 1639 3337 co·

844 3362 959 3443 ronam,
974 3376 1072 3433 ituros
1087 3391 1136 3448 per
1149 3373 1336 3446 poenitentiam
1348 3373 1462 3429 senioris
1476 3372 1510 3428 ad
1522 3371 1640 3427 reniam.

861 3471 897 3533 ri.
914 3473 1009 3528 emen.

889 3561 941 3618 Per
954 3559 1180 3618 misericordiam.

888 3651 1014 3727 [dcerunt]
1038 3654 1143 3710 Modo.
1167 3653 1241 3709 Sicut
1269 3652 1356 3722 palma
1389 3649 1503 3709 exaltata
1531 3661 1589 3703 snm
1612 3646 1640 3703 in

852 3745 961 3815 qoudio.
973 3747 1099 3804 Alleldia.
1118 3746 1152 3801 Et
1174 3747 1244 3803 sicut
1263 3747 1332 3801 ollra
1346 3746 1468 3815 speciosa
1485 3744 1510 3798 in
1525 3741 1639 3810 campis,

853 3836 977 3894 Alleluia.
993 3837 1028 3894 Ρ.
1042 3838 1186 3894 8ΞευινΙῑίε
1196 3836 1352 3892 lrnctillcovi
1362 3837 1520 3892 suavitatem
1534 3833 1637 3895 odoris.

853 3927 1107 3997 dlleldia,alleldia,
1117 3928 1235 3984 alleloia.
1259 3929 1295 3997 p.
1313 3927 1473 3998 ligoatttem,
1487 3925 1556 3980 sient
1569 3923 1638 3978 ollna

853 4018 989 4078 irueliiera
1009 4022 1037 4075 in
1055 4021 1136 4091 dqmo
1157 4019 1277 4085 bomini,
1293 4020 1424 4089 sperabo:
1448 4027 1475 4073 et
1488 4018 1513 4072 in
1532 4015 1638 4085 miseri·-

851 4108 943 4168 cordia
964 4113 1010 4169 bel
1025 4111 1078 4168 mei
1098 4111 1124 4167 in
1148 4110 1288 4176 aeternum,
1312 4109 1381 4166 etin
1396 4108 1521 4164 saeculnm
1536 4104 1637 4163 saculi.

852 4203 886 4258 P.
900 4201 976 4260 Sicut
994 4202 1065 4258 ritis.
1086 4202 1123 4272 y.
1138 4199 1241 4267 Gloria,
1269 4210 1296 4257 et
1315 4200 1411 4256 bonor.
1428 4198 1461 4253 P.
1478 4199 1551 4256 Sicut
1565 4198 1638 4253 ritis.

888 4296 987 4351 Oresio.
1000 4293 1113 4351 bomine
1123 4293 1189 4351 Jesu
1200 4294 1315 4357 Christe,
1329 4292 1374 4363 qui
1386 4291 1493 4347 beatam
1510 4288 1639 4344 Errldliam

852 4388 981 4460 uirginem
997 4388 1025 4444 in
1039 4388 1132 4445 tenero
1145 4387 1231 4442 aetatis
1253 4395 1334 4450 statu,
1358 4399 1407 4440 nco
1432 4383 1523 4439 mundi
1538 4382 1638 4439 inlece-

813 4480 919 4548 ubris,
936 4494 986 4535 neo
999 4478 1203 4550 persecutorum
1226 4474 1371 4547 permisisti
1385 4473 1505 4544 superori
1519 4473 1639 4531 tormen·

851 4570 945 4625 tistin
966 4584 1018 4640 qna
1041 4570 1154 4624 minnere
1177 4576 1234 4634 tuo,
1260 4581 1311 4622 nec
1333 4580 1414 4622 senus
1438 4565 1562 4632 vincitur,
1587 4578 1637 4619 nee

850 4656 983 4724 aflectum
997 4656 1072 4727 eujus
1086 4654 1264 4712 constentiam
1280 4670 1330 4713 neo
1343 4655 1446 4712 saevitia
1462 4655 1571 4721 terruit,
1589 4667 1639 4708 nee

851 4761 929 4817 poem
940 4746 1071 4813 edomuit,
1085 4761 1134 4802 nec
1144 4747 1244 4817 dnqola
1260 4748 1366 4811 minuit.
1381 4761 1430 4802 nec
1445 4747 1549 4802 llamma
1564 4760 1639 4800 conr·

852 4835 954 4907 postult
968 4855 975 4892 :
989 4838 1073 4910 llujos
1086 4853 1150 4909 erqo
1172 4837 1325 4906 depreedtio
1343 4836 1483 4905 pronubis
1508 4837 1542 4891 ita
1565 4835 1636 4901 aptud

852 4935 878 4982 te
893 4926 1049 4996 prmrdleat,
1066 4936 1095 4984 ut
1116 4928 1186 4984 mala
1201 4927 1217 4984 d
1232 4928 1310 4983 nobis
1329 4925 1482 4997 praesenta,
1497 4924 1637 4995 lutdraqne

851 5019 998 5076 removeat.
1018 5021 1055 5083 ri.
1070 5022 1166 5077 lmen.

886 5111 939 5169 Per
950 5111 1171 5170 misericordiam.

1132 5205 1172 5258 Art
1191 5202 1355 5258 Matutinarum.

886 5293 1036 5364 Antipoono
1062 5293 1144 5349 Libia
1159 5309 1218 5350 mea
1229 5294 1344 5366 aperies.
1359 5291 1480 5349 Ptolntss
1494 5310 1521 5350 t..
1534 5292 1635 5351 Orotio.

851 5383 979 5440 uxultem
991 5383 1113 5440 bomine.
1128 5386 1174 5457 fol.
1188 5400 1285 5441 ctttx.

886 5474 1046 5547 Anttplrono.
1067 5475 1162 5545 Surge,
1176 5475 1290 5545 propera
1306 5487 1404 5545 sponsa
1415 5488 1485 5538 mea,
1510 5479 1538 5529 et
1551 5474 1628 5529 renl.

850 5562 909 5619 lam
924 5565 996 5621 enim
1017 5564 1111 5636 byems
1132 5563 1247 5634 trdusiit,
1264 5575 1291 5621 et
1314 5564 1436 5621 recessit.
1451 5563 1543 5620 liores
1555 5579 1636 5635 appa·

850 5653 962 5712 ruerunt
984 5655 1012 5712 in
1033 5663 1131 5711 terram
1145 5664 1275 5712 nostram.
1300 5655 1334 5711 Ρ.
1357 5656 1443 5722 Qolm
1469 5656 1581 5725 pulcbra
1609 5673 1640 5716 cs

855 5744 944 5803 amlca
959 5760 1029 5816 nica,
1044 5754 1071 5804 et
1084 5745 1163 5818 quom
1186 5745 1296 5806 decora!
1324 5745 1494 5805 Pulcltriortt
1513 5745 1583 5806 oculi
1602 5744 1639 5803 toi
