<?xml version="1.0" encoding="UTF-8"?>
<!DOCTYPE html PUBLIC "-//W3C//DTD XHTML 1.0 Transitional//EN"
    "http://www.w3.org/TR/xhtml1/DTD/xhtml1-transitional.dtd">
<html xmlns="http://www.w3.org/1999/xhtml" xml:lang="en" lang="en">
 <head>
  <title>
</title>
<meta http-equiv="Content-Type" content="text/html;charset=utf-8" />
  <meta name='ocr-system' content='tesseract 3.04.00' />
  <meta name='ocr-capabilities' content='ocr_page ocr_carea ocr_par ocr_line ocrx_word'/>
</head>
<body>
  <div class='ocr_page' id='page_1' title='image "./liturgiamozarab00churgoog/liturgiamozarab00churgoog_0069.png"; bbox 0 0 3772 6232; ppageno 0'>
   <div class='ocr_carea' id='block_1_1' title="bbox 127 265 1147 336">
    <p class='ocr_par' dir='ltr' id='par_1_1' title="bbox 127 265 1147 336">
     <span class='ocr_line' id='line_1_1' title="bbox 127 265 1147 336; baseline -0.026 12"><span class='ocrx_word' id='word_1_1' title='bbox 127 283 179 336; x_wconf 58' lang='lat'>¹²3</span> <span class='ocrx_word' id='word_1_2' title='bbox 729 269 941 332; x_wconf 71' lang='lat' dir='ltr'>subitarios</span> <span class='ocrx_word' id='word_1_3' title='bbox 960 265 1147 326; x_wconf 80' lang='lat' dir='ltr'>cortttcou.</span> 
     </span>
    </p>
   </div>
   <div class='ocr_carea' id='block_1_2' title="bbox 125 375 1655 548">
    <p class='ocr_par' dir='ltr' id='par_1_2' title="bbox 125 375 1655 548">
     <span class='ocr_line' id='line_1_2' title="bbox 125 375 1655 460; baseline -0.012 -10"><span class='ocrx_word' id='word_1_4' title='bbox 125 404 153 450; x_wconf 90' lang='grc' dir='ltr'>ει</span> <span class='ocrx_word' id='word_1_5' title='bbox 165 393 242 448; x_wconf 88' lang='lat' dir='ltr'>einos</span> <span class='ocrx_word' id='word_1_6' title='bbox 254 392 332 460; x_wconf 78' lang='lat' dir='ltr'>ignis.</span> <span class='ocrx_word' id='word_1_7' title='bbox 347 390 477 446; x_wconf 74' lang='lat' dir='ltr'>cennius</span> <span class='ocrx_word' id='word_1_8' title='bbox 496 388 567 444; x_wconf 84' lang='lat' dir='ltr'>enim</span> <span class='ocrx_word' id='word_1_9' title='bbox 590 395 723 443; x_wconf 79' lang='lat' dir='ltr'>natusest</span> <span class='ocrx_word' id='word_1_10' title='bbox 742 386 828 448; x_wconf 82' lang='lat' dir='ltr'>nobis.</span> <span class='ocrx_word' id='word_1_11' title='bbox 841 393 868 441; x_wconf 90' lang='lat' dir='ltr'>et</span> <span class='ocrx_word' id='word_1_12' title='bbox 882 386 912 439; x_wconf 88' lang='lat' dir='ltr'>ll·</span> <span class='ocrx_word' id='word_1_13' title='bbox 927 386 1065 446; x_wconf 71' lang='lat' dir='ltr'>,Amenm</span> <span class='ocrx_word' id='word_1_14' title='bbox 1085 380 1120 450; x_wconf 68' lang='lat' dir='ltr'>i.</span> <span class='ocrx_word' id='word_1_15' title='bbox 1135 377 1236 443; x_wconf 82' lang='lat' dir='ltr'>Gloria,</span> <span class='ocrx_word' id='word_1_16' title='bbox 1257 386 1284 434; x_wconf 88' lang='lat' dir='ltr'>et</span> <span class='ocrx_word' id='word_1_17' title='bbox 1302 377 1388 432; x_wconf 87' lang='lat' dir='ltr'>bonor</span> <span class='ocrx_word' id='word_1_18' title='bbox 1409 375 1493 443; x_wconf 81' lang='lat' dir='ltr'>Patri,</span> <span class='ocrx_word' id='word_1_19' title='bbox 1517 385 1572 433; x_wconf 85' lang='lat' dir='ltr'>etc.</span> <span class='ocrx_word' id='word_1_20' title='bbox 1597 375 1631 430; x_wconf 84' lang='lat' dir='ltr'>P.</span> <span class='ocrx_word' id='word_1_21' title='bbox 1646 376 1655 432; x_wconf 95' lang='grc' dir='ltr'>Ι</span> 
     </span>
     <span class='ocr_line' id='line_1_3' title="bbox 125 473 1073 548; baseline -0.018 -7"><span class='ocrx_word' id='word_1_22' title='bbox 125 490 177 540; x_wconf 78' lang='lat' dir='ltr'>sinis</span> <span class='ocrx_word' id='word_1_23' title='bbox 195 483 273 538; x_wconf 76' lang='lat' dir='ltr'>datiis</span> <span class='ocrx_word' id='word_1_24' title='bbox 292 494 333 537; x_wconf 91' lang='lat' dir='ltr'>est</span> <span class='ocrx_word' id='word_1_25' title='bbox 358 481 445 540; x_wconf 86' lang='lat' dir='ltr'>nobis.</span> <span class='ocrx_word' id='word_1_26' title='bbox 468 490 494 535; x_wconf 87' lang='lat' dir='ltr'>et</span> <span class='ocrx_word' id='word_1_27' title='bbox 515 479 600 534; x_wconf 86' lang='lat' dir='ltr'>iactus</span> <span class='ocrx_word' id='word_1_28' title='bbox 620 486 661 533; x_wconf 88' lang='lat' dir='ltr'>est</span> <span class='ocrx_word' id='word_1_29' title='bbox 675 477 836 548; x_wconf 79' lang='lat' dir='ltr'>principltns</span> <span class='ocrx_word' id='word_1_30' title='bbox 855 475 913 545; x_wconf 66' lang='lat' dir='ltr'>ejus</span> <span class='ocrx_word' id='word_1_31' title='bbox 964 473 1017 526; x_wconf 86' lang='lat' dir='ltr'>ruit</span> <span class='ocrx_word' id='word_1_32' title='bbox 1032 486 1073 525; x_wconf 85' lang='lat' dir='ltr'>as.</span> 
     </span>
    </p>
   </div>
   <div class='ocr_carea' id='block_1_3' title="bbox 127 567 919 1736">
    <p class='ocr_par' dir='ltr' id='par_1_3' title="bbox 127 567 916 1280">
     <span class='ocr_line' id='line_1_4' title="bbox 127 567 912 646; baseline -0.011 -14"><span class='ocrx_word' id='word_1_33' title='bbox 127 592 207 646; x_wconf 86' lang='lat' dir='ltr'>snper</span> <span class='ocrx_word' id='word_1_34' title='bbox 222 577 348 630; x_wconf 79' lang='lat' dir='ltr'>humeros</span> <span class='ocrx_word' id='word_1_35' title='bbox 367 574 446 644; x_wconf 75' lang='lat' dir='ltr'>ejus:</span> <span class='ocrx_word' id='word_1_36' title='bbox 465 574 497 627; x_wconf 83' lang='lat' dir='ltr'>lit</span> <span class='ocrx_word' id='word_1_37' title='bbox 512 572 649 626; x_wconf 77' lang='lat' dir='ltr'>rnncbbitur</span> <span class='ocrx_word' id='word_1_38' title='bbox 664 585 762 626; x_wconf 89' lang='lat' dir='ltr'>nnmen</span> <span class='ocrx_word' id='word_1_39' title='bbox 785 568 842 639; x_wconf 80' lang='lat' dir='ltr'>ejus</span> <span class='ocrx_word' id='word_1_40' title='bbox 856 567 912 623; x_wconf 83' lang='lat' dir='ltr'>Ad·</span> 
     </span>
     <span class='ocr_line' id='line_1_5' title="bbox 127 663 916 732; baseline -0.006 -11"><span class='ocrx_word' id='word_1_41' title='bbox 127 665 268 731; x_wconf 76' lang='lat' dir='ltr'>norisius.</span> <span class='ocrx_word' id='word_1_42' title='bbox 284 665 463 732; x_wconf 69' lang='lat' dir='ltr'>innotuimus,</span> <span class='ocrx_word' id='word_1_43' title='bbox 480 665 560 730; x_wconf 77' lang='lat' dir='ltr'>bens,</span> <span class='ocrx_word' id='word_1_44' title='bbox 582 663 666 728; x_wconf 71' lang='lat' dir='ltr'>inistis,</span> <span class='ocrx_word' id='word_1_45' title='bbox 687 663 852 727; x_wconf 58' lang='lat' dir='ltr'>Dominam,</span> <span class='ocrx_word' id='word_1_46' title='bbox 867 676 916 731; x_wconf 69' lang='lat' dir='ltr'>pa&gt;</span> 
     </span>
     <span class='ocr_line' id='line_1_6' title="bbox 127 752 913 825; baseline -0.009 -11"><span class='ocrx_word' id='word_1_47' title='bbox 127 769 170 814; x_wconf 84' lang='lat' dir='ltr'>ter</span> <span class='ocrx_word' id='word_1_48' title='bbox 183 756 264 812; x_wconf 84' lang='lat' dir='ltr'>lutini</span> <span class='ocrx_word' id='word_1_49' title='bbox 275 757 377 820; x_wconf 57' lang='lat' dir='ltr'>sarculis</span> <span class='ocrx_word' id='word_1_50' title='bbox 394 755 517 824; x_wconf 80' lang='lat' dir='ltr'>princeps</span> <span class='ocrx_word' id='word_1_51' title='bbox 529 754 609 825; x_wconf 87' lang='lat' dir='ltr'>pacis.</span> <span class='ocrx_word' id='word_1_52' title='bbox 625 752 841 822; x_wconf 83' lang='lat' dir='ltr'>olultiplicbbirur</span> <span class='ocrx_word' id='word_1_53' title='bbox 855 753 913 822; x_wconf 74' lang='lat' dir='ltr'>ciras</span> 
     </span>
     <span class='ocr_line' id='line_1_7' title="bbox 127 843 912 918; baseline -0.006 -14"><span class='ocrx_word' id='word_1_54' title='bbox 127 848 282 918; x_wconf 76' lang='lat' dir='ltr'>importum,</span> <span class='ocrx_word' id='word_1_55' title='bbox 297 857 323 903; x_wconf 89' lang='lat' dir='ltr'>et</span> <span class='ocrx_word' id='word_1_56' title='bbox 338 849 408 915; x_wconf 79' lang='lat' dir='ltr'>pncts</span> <span class='ocrx_word' id='word_1_57' title='bbox 424 849 482 915; x_wconf 82' lang='lat' dir='ltr'>ejns</span> <span class='ocrx_word' id='word_1_58' title='bbox 500 862 552 902; x_wconf 92' lang='lat' dir='ltr'>non</span> <span class='ocrx_word' id='word_1_59' title='bbox 568 846 618 901; x_wconf 89' lang='lat' dir='ltr'>erit</span> <span class='ocrx_word' id='word_1_60' title='bbox 631 845 709 899; x_wconf 90' lang='lat' dir='ltr'>linis:</span> <span class='ocrx_word' id='word_1_61' title='bbox 724 859 804 915; x_wconf 88' lang='lat' dir='ltr'>super</span> <span class='ocrx_word' id='word_1_62' title='bbox 817 843 912 899; x_wconf 87' lang='lat' dir='ltr'>solium</span> 
     </span>
     <span class='ocr_line' id='line_1_8' title="bbox 128 935 915 1008; baseline -0.005 -14"><span class='ocrx_word' id='word_1_63' title='bbox 128 939 212 994; x_wconf 75' lang='lat' dir='ltr'>osvio</span> <span class='ocrx_word' id='word_1_64' title='bbox 228 939 339 996; x_wconf 81' lang='lat' dir='ltr'>ssoobit.</span> <span class='ocrx_word' id='word_1_65' title='bbox 353 947 383 993; x_wconf 83' lang='lat' dir='ltr'>et</span> <span class='ocrx_word' id='word_1_66' title='bbox 403 953 484 1007; x_wconf 75' lang='lat' dir='ltr'>super</span> <span class='ocrx_word' id='word_1_67' title='bbox 498 952 607 1008; x_wconf 78' lang='lat' dir='ltr'>regnum</span> <span class='ocrx_word' id='word_1_68' title='bbox 630 935 687 1006; x_wconf 80' lang='lat' dir='ltr'>ejus</span> <span class='ocrx_word' id='word_1_69' title='bbox 702 953 709 991; x_wconf 80' lang='lat' dir='ltr'><strong><em>z</em></strong></span> <span class='ocrx_word' id='word_1_70' title='bbox 723 948 751 990; x_wconf 87' lang='lat' dir='ltr'>ut</span> <span class='ocrx_word' id='word_1_71' title='bbox 773 936 915 991; x_wconf 76' lang='lat' dir='ltr'>coinfirmor</span> 
     </span>
     <span class='ocr_line' id='line_1_9' title="bbox 128 1026 914 1102; baseline -0.006 -15"><span class='ocrx_word' id='word_1_72' title='bbox 128 1032 207 1094; x_wconf 85' lang='lat' dir='ltr'>lllntl,</span> <span class='ocrx_word' id='word_1_73' title='bbox 222 1041 250 1086; x_wconf 91' lang='lat' dir='ltr'>et</span> <span class='ocrx_word' id='word_1_74' title='bbox 263 1030 418 1086; x_wconf 85' lang='lat' dir='ltr'>corroboret</span> <span class='ocrx_word' id='word_1_75' title='bbox 432 1032 458 1084; x_wconf 91' lang='lat' dir='ltr'>in</span> <span class='ocrx_word' id='word_1_76' title='bbox 470 1029 583 1102; x_wconf 75' lang='lat' dir='ltr'>jndicio,</span> <span class='ocrx_word' id='word_1_77' title='bbox 594 1037 622 1085; x_wconf 90' lang='lat' dir='ltr'>et</span> <span class='ocrx_word' id='word_1_78' title='bbox 636 1030 661 1083; x_wconf 92' lang='lat' dir='ltr'>in</span> <span class='ocrx_word' id='word_1_79' title='bbox 675 1028 789 1098; x_wconf 85' lang='lat' dir='ltr'>justitia,</span> <span class='ocrx_word' id='word_1_80' title='bbox 805 1026 914 1097; x_wconf 81' lang='lat' dir='ltr'>imooo,</span> 
     </span>
     <span class='ocr_line' id='line_1_10' title="bbox 128 1117 914 1190; baseline -0.005 -14"><span class='ocrx_word' id='word_1_81' title='bbox 128 1131 159 1176; x_wconf 90' lang='lat' dir='ltr'>et</span> <span class='ocrx_word' id='word_1_82' title='bbox 173 1137 256 1189; x_wconf 81' lang='lat' dir='ltr'>usqne</span> <span class='ocrx_word' id='word_1_83' title='bbox 275 1121 300 1175; x_wconf 92' lang='lat' dir='ltr'>in</span> <span class='ocrx_word' id='word_1_84' title='bbox 316 1119 507 1190; x_wconf 76' lang='lat' dir='ltr'>serupiternom</span> <span class='ocrx_word' id='word_1_85' title='bbox 521 1137 527 1175; x_wconf 94' lang='lat'><strong>:</strong></span> <span class='ocrx_word' id='word_1_86' title='bbox 539 1120 613 1175; x_wconf 84' lang='lat' dir='ltr'>zelus</span> <span class='ocrx_word' id='word_1_87' title='bbox 629 1118 734 1175; x_wconf 86' lang='lat' dir='ltr'>Domini</span> <span class='ocrx_word' id='word_1_88' title='bbox 749 1117 914 1174; x_wconf 72' lang='lat' dir='ltr'>exercituum</span> 
     </span>
     <span class='ocr_line' id='line_1_11' title="bbox 128 1196 451 1280; baseline 0.003 -15"><span class='ocrx_word' id='word_1_89' title='bbox 128 1212 210 1265; x_wconf 76' lang='lat' dir='ltr'>liciat</span> <span class='ocrx_word' id='word_1_90' title='bbox 224 1196 283 1266; x_wconf 80' lang='lat' dir='ltr'>boc.</span> <span class='ocrx_word' id='word_1_91' title='bbox 305 1211 341 1280; x_wconf 71' lang='lat' dir='ltr'>ri.</span> <span class='ocrx_word' id='word_1_92' title='bbox 355 1214 451 1266; x_wconf 82' lang='lat' dir='ltr'>Arnen.</span> 
     </span>
    </p>

    <p class='ocr_par' dir='ltr' id='par_1_4' title="bbox 131 1298 917 1464">
     <span class='ocr_line' id='line_1_12' title="bbox 168 1298 917 1373; baseline -0.004 -18"><span class='ocrx_word' id='word_1_93' title='bbox 168 1302 297 1373; x_wconf 75' lang='lat' dir='ltr'>Hymnus.</span> <span class='ocrx_word' id='word_1_94' title='bbox 331 1302 413 1369; x_wconf 82' lang='lat' dir='ltr'>Verri,</span> <span class='ocrx_word' id='word_1_95' title='bbox 447 1300 609 1369; x_wconf 78' lang='lat' dir='ltr'>liederuptor</span> <span class='ocrx_word' id='word_1_96' title='bbox 640 1298 773 1356; x_wconf 78' lang='lat' dir='ltr'>Gerulum.</span> <span class='ocrx_word' id='word_1_97' title='bbox 806 1299 917 1371; x_wconf 75' lang='lat' dir='ltr'>Reqolre</span> 
     </span>
     <span class='ocr_line' id='line_1_13' title="bbox 131 1391 237 1464; baseline 0.009 -20"><span class='ocrx_word' id='word_1_98' title='bbox 131 1394 177 1464; x_wconf 79' lang='lat' dir='ltr'>sol.</span> <span class='ocrx_word' id='word_1_99' title='bbox 194 1391 237 1446; x_wconf 69' lang='lat'>45.</span> 
     </span>
    </p>

    <p class='ocr_par' dir='ltr' id='par_1_5' title="bbox 131 1482 919 1736">
     <span class='ocr_line' id='line_1_14' title="bbox 168 1482 918 1556; baseline -0.003 -16"><span class='ocrx_word' id='word_1_100' title='bbox 168 1482 524 1556; x_wconf 69' lang='lat' dir='ltr'>Sarpplicotio.01onusllci</span> <span class='ocrx_word' id='word_1_101' title='bbox 544 1483 630 1538; x_wconf 88' lang='lat' dir='ltr'>Patris</span> <span class='ocrx_word' id='word_1_102' title='bbox 649 1483 844 1553; x_wconf 80' lang='lat' dir='ltr'>Omnipotontis</span> <span class='ocrx_word' id='word_1_103' title='bbox 866 1484 918 1538; x_wconf 90' lang='lat' dir='ltr'>mi-</span> 
     </span>
     <span class='ocr_line' id='line_1_15' title="bbox 132 1574 917 1646; baseline -0.004 -13"><span class='ocrx_word' id='word_1_104' title='bbox 132 1576 325 1641; x_wconf 82' lang='lat' dir='ltr'>sericordiam,</span> <span class='ocrx_word' id='word_1_105' title='bbox 348 1576 482 1645; x_wconf 70' lang='lat' dir='ltr'><strong>simplices</strong></span> <span class='ocrx_word' id='word_1_106' title='bbox 504 1575 691 1644; x_wconf 62' lang='lat' dir='ltr'>imploremus·</span> <span class='ocrx_word' id='word_1_107' title='bbox 716 1584 745 1629; x_wconf 92' lang='lat' dir='ltr'>ut</span> <span class='ocrx_word' id='word_1_108' title='bbox 765 1590 813 1631; x_wconf 93' lang='lat' dir='ltr'>nos</span> <span class='ocrx_word' id='word_1_109' title='bbox 830 1574 917 1646; x_wconf 74' lang='lat' dir='ltr'>prisii</span> 
     </span>
     <span class='ocr_line' id='line_1_16' title="bbox 131 1648 919 1736; baseline -0.003 -15"><span class='ocrx_word' id='word_1_110' title='bbox 131 1667 230 1722; x_wconf 82' lang='lat' dir='ltr'>Christi</span> <span class='ocrx_word' id='word_1_111' title='bbox 244 1668 283 1720; x_wconf 85' lang='lat' dir='ltr'>sui</span> <span class='ocrx_word' id='word_1_112' title='bbox 300 1666 403 1720; x_wconf 73' lang='lat' dir='ltr'>binnini</span> <span class='ocrx_word' id='word_1_113' title='bbox 419 1664 502 1719; x_wconf 86' lang='lat' dir='ltr'>nostri</span> <span class='ocrx_word' id='word_1_114' title='bbox 520 1663 584 1720; x_wconf 85' lang='lat' dir='ltr'>lesu</span> <span class='ocrx_word' id='word_1_115' title='bbox 604 1664 702 1719; x_wconf 80' lang='lat' dir='ltr'>Christi</span> <span class='ocrx_word' id='word_1_116' title='bbox 724 1648 919 1736; x_wconf 83' lang='lat' dir='ltr'>propitinajus·</span> 
     </span>
    </p>
   </div>
   <div class='ocr_carea' id='block_1_4' title="bbox 133 1739 957 1829">
    <p class='ocr_par' dir='ltr' id='par_1_6' title="bbox 133 1739 957 1829">
     <span class='ocr_line' id='line_1_17' title="bbox 133 1739 957 1829; baseline 0.001 -19"><span class='ocrx_word' id='word_1_117' title='bbox 133 1758 236 1813; x_wconf 84' lang='lat' dir='ltr'>tiilcbre</span> <span class='ocrx_word' id='word_1_118' title='bbox 258 1756 392 1829; x_wconf 76' lang='lat' dir='ltr'>dignetur.</span> <span class='ocrx_word' id='word_1_119' title='bbox 423 1756 460 1820; x_wconf 75' lang='lat' dir='ltr'>ri.</span> <span class='ocrx_word' id='word_1_120' title='bbox 488 1756 711 1822; x_wconf 66' lang='lat' dir='ltr'>praestaminis</span> <span class='ocrx_word' id='word_1_121' title='bbox 742 1739 957 1826; x_wconf 78' lang='lat' dir='ltr'>omopnnnsll</span> 
     </span>
    </p>
   </div>
   <div class='ocr_carea' id='block_1_5' title="bbox 98 1849 923 2906">
    <p class='ocr_par' dir='ltr' id='par_1_7' title="bbox 134 1849 216 1905">
     <span class='ocr_line' id='line_1_18' title="bbox 134 1849 216 1905; baseline 0 -1"><span class='ocrx_word' id='word_1_122' title='bbox 134 1849 216 1905; x_wconf 83' lang='lat' dir='ltr'>Deus.</span> 
     </span>
    </p>

    <p class='ocr_par' dir='ltr' id='par_1_8' title="bbox 168 1939 841 2012">
     <span class='ocr_line' id='line_1_19' title="bbox 168 1939 841 2012; baseline -0.003 -16"><span class='ocrx_word' id='word_1_123' title='bbox 168 1941 250 2012; x_wconf 72' lang='lat' dir='ltr'>llyrie</span> <span class='ocrx_word' id='word_1_124' title='bbox 263 1940 374 1996; x_wconf 86' lang='lat' dir='ltr'>eloison.</span> <span class='ocrx_word' id='word_1_125' title='bbox 390 1939 495 1996; x_wconf 84' lang='lat' dir='ltr'>Christe</span> <span class='ocrx_word' id='word_1_126' title='bbox 510 1939 624 1997; x_wconf 82' lang='lat' dir='ltr'>eloisou.</span> <span class='ocrx_word' id='word_1_127' title='bbox 636 1940 716 2012; x_wconf 74' lang='lat' dir='ltr'>Kys-ie</span> <span class='ocrx_word' id='word_1_128' title='bbox 729 1940 841 1997; x_wconf 76' lang='lat' dir='ltr'>cleison.</span> 
     </span>
    </p>

    <p class='ocr_par' dir='ltr' id='par_1_9' title="bbox 98 2030 923 2906">
     <span class='ocr_line' id='line_1_20' title="bbox 170 2030 921 2102; baseline 0.005 -17"><span class='ocrx_word' id='word_1_129' title='bbox 170 2030 300 2095; x_wconf 69' lang='lat' dir='ltr'>continu.</span> <span class='ocrx_word' id='word_1_130' title='bbox 315 2031 429 2100; x_wconf 85' lang='lat' dir='ltr'>ileouies</span> <span class='ocrx_word' id='word_1_131' title='bbox 444 2032 616 2101; x_wconf 71' lang='lat' dir='ltr'>Angelorum,</span> <span class='ocrx_word' id='word_1_132' title='bbox 628 2033 800 2102; x_wconf 77' lang='lat' dir='ltr'>omniumque</span> <span class='ocrx_word' id='word_1_133' title='bbox 813 2032 921 2090; x_wconf 84' lang='lat' dir='ltr'>sancto·</span> 
     </span>
     <span class='ocr_line' id='line_1_21' title="bbox 135 2120 921 2190; baseline 0.005 -17"><span class='ocrx_word' id='word_1_134' title='bbox 135 2135 205 2184; x_wconf 84' lang='lat' dir='ltr'>rum,</span> <span class='ocrx_word' id='word_1_135' title='bbox 221 2120 331 2175; x_wconf 85' lang='lat' dir='ltr'>Domine</span> <span class='ocrx_word' id='word_1_136' title='bbox 351 2121 413 2177; x_wconf 82' lang='lat' dir='ltr'>issu</span> <span class='ocrx_word' id='word_1_137' title='bbox 432 2123 594 2190; x_wconf 69' lang='lat' dir='ltr'>chrismon</span> <span class='ocrx_word' id='word_1_138' title='bbox 618 2122 698 2179; x_wconf 86' lang='lat' dir='ltr'>booie</span> <span class='ocrx_word' id='word_1_139' title='bbox 717 2124 744 2179; x_wconf 91' lang='lat' dir='ltr'>iu</span> <span class='ocrx_word' id='word_1_140' title='bbox 760 2125 810 2178; x_wconf 88' lang='lat' dir='ltr'>hoe</span> <span class='ocrx_word' id='word_1_141' title='bbox 830 2141 921 2185; x_wconf 84' lang='lat' dir='ltr'>recur-</span> 
     </span>
     <span class='ocr_line' id='line_1_22' title="bbox 135 2211 921 2286; baseline 0.008 -21"><span class='ocrx_word' id='word_1_142' title='bbox 135 2211 202 2267; x_wconf 77' lang='lat' dir='ltr'>renti</span> <span class='ocrx_word' id='word_1_143' title='bbox 218 2211 368 2267; x_wconf 80' lang='lat' dir='ltr'>Nativitotis</span> <span class='ocrx_word' id='word_1_144' title='bbox 384 2223 435 2267; x_wconf 82' lang='lat' dir='ltr'>tum</span> <span class='ocrx_word' id='word_1_145' title='bbox 448 2213 628 2268; x_wconf 88' lang='lat' dir='ltr'>sacratissimo</span> <span class='ocrx_word' id='word_1_146' title='bbox 643 2214 712 2269; x_wconf 85' lang='lat' dir='ltr'>iestn</span> <span class='ocrx_word' id='word_1_147' title='bbox 732 2214 849 2286; x_wconf 78' lang='lat' dir='ltr'>requiem</span> <span class='ocrx_word' id='word_1_148' title='bbox 870 2215 921 2284; x_wconf 87' lang='lat' dir='ltr'>po·</span> 
     </span>
     <span class='ocr_line' id='line_1_23' title="bbox 135 2305 921 2376; baseline 0.004 -16"><span class='ocrx_word' id='word_1_149' title='bbox 135 2305 198 2375; x_wconf 89' lang='lat' dir='ltr'>pulo</span> <span class='ocrx_word' id='word_1_150' title='bbox 219 2316 322 2360; x_wconf 87' lang='lat' dir='ltr'>too:ut</span> <span class='ocrx_word' id='word_1_151' title='bbox 345 2306 372 2360; x_wconf 88' lang='lat' dir='ltr'>in</span> <span class='ocrx_word' id='word_1_152' title='bbox 396 2315 421 2360; x_wconf 88' lang='lat' dir='ltr'>te</span> <span class='ocrx_word' id='word_1_153' title='bbox 438 2309 453 2360; x_wconf 77' lang='lat' dir='ltr'>a</span> <span class='ocrx_word' id='word_1_154' title='bbox 472 2305 578 2361; x_wconf 85' lang='lat' dir='ltr'>oelictis</span> <span class='ocrx_word' id='word_1_155' title='bbox 600 2317 628 2363; x_wconf 89' lang='lat' dir='ltr'>et</span> <span class='ocrx_word' id='word_1_156' title='bbox 650 2305 776 2363; x_wconf 79' lang='lat' dir='ltr'>osoribus</span> <span class='ocrx_word' id='word_1_157' title='bbox 799 2305 921 2376; x_wconf 62' lang='lat' dir='ltr'>pressino</span> 
     </span>
     <span class='ocr_line' id='line_1_24' title="bbox 136 2394 920 2466; baseline 0.003 -16"><span class='ocrx_word' id='word_1_158' title='bbox 136 2394 296 2466; x_wconf 55' lang='lat' dir='ltr'>reqnie&#39;scnt,</span> <span class='ocrx_word' id='word_1_159' title='bbox 310 2404 387 2465; x_wconf 80' lang='lat' dir='ltr'>teque</span> <span class='ocrx_word' id='word_1_160' title='bbox 402 2410 462 2450; x_wconf 86' lang='lat' dir='ltr'>rum</span> <span class='ocrx_word' id='word_1_161' title='bbox 478 2395 599 2451; x_wconf 79' lang='lat' dir='ltr'>univorsa</span> <span class='ocrx_word' id='word_1_162' title='bbox 614 2396 735 2451; x_wconf 84' lang='lat' dir='ltr'>creatora</span> <span class='ocrx_word' id='word_1_163' title='bbox 750 2395 920 2463; x_wconf 82' lang='lat' dir='ltr'>benedicens.</span> 
     </span>
     <span class='ocr_line' id='line_1_25' title="bbox 98 2486 921 2557; baseline 0.004 -16"><span class='ocrx_word' id='word_1_164' title='bbox 98 2499 103 2515; x_wconf 64' lang='lat'>⁸</span> <span class='ocrx_word' id='word_1_165' title='bbox 135 2496 207 2542; x_wconf 83' lang='lat' dir='ltr'>tuam</span> <span class='ocrx_word' id='word_1_166' title='bbox 220 2489 246 2543; x_wconf 90' lang='lat' dir='ltr'>in</span> <span class='ocrx_word' id='word_1_167' title='bbox 262 2486 386 2544; x_wconf 90' lang='lat' dir='ltr'>omnibus</span> <span class='ocrx_word' id='word_1_168' title='bbox 406 2503 438 2543; x_wconf 90' lang='lat' dir='ltr'>ae</span> <span class='ocrx_word' id='word_1_169' title='bbox 452 2502 499 2557; x_wconf 87' lang='lat' dir='ltr'>per</span> <span class='ocrx_word' id='word_1_170' title='bbox 512 2487 600 2543; x_wconf 91' lang='lat' dir='ltr'>omnia</span> <span class='ocrx_word' id='word_1_171' title='bbox 616 2488 827 2545; x_wconf 78' lang='lat' dir='ltr'>benedic-ionem</span> <span class='ocrx_word' id='word_1_172' title='bbox 848 2488 921 2545; x_wconf 86' lang='lat' dir='ltr'>acci·</span> 
     </span>
     <span class='ocr_line' id='line_1_26' title="bbox 137 2580 923 2650; baseline 0.005 -16"><span class='ocrx_word' id='word_1_173' title='bbox 137 2581 192 2648; x_wconf 84' lang='lat' dir='ltr'>piat</span> <span class='ocrx_word' id='word_1_174' title='bbox 206 2597 213 2633; x_wconf 92' lang='lat'><strong>:</strong></span> <span class='ocrx_word' id='word_1_175' title='bbox 229 2589 258 2635; x_wconf 88' lang='lat' dir='ltr'>ot</span> <span class='ocrx_word' id='word_1_176' title='bbox 278 2596 357 2646; x_wconf 85' lang='lat' dir='ltr'>ouem</span> <span class='ocrx_word' id='word_1_177' title='bbox 382 2581 398 2635; x_wconf 81' lang='lat' dir='ltr'>o</span> <span class='ocrx_word' id='word_1_178' title='bbox 420 2580 561 2638; x_wconf 83' lang='lat' dir='ltr'>maledicto</span> <span class='ocrx_word' id='word_1_179' title='bbox 576 2582 691 2637; x_wconf 75' lang='lat' dir='ltr'>tionem</span> <span class='ocrx_word' id='word_1_180' title='bbox 715 2582 822 2650; x_wconf 83' lang='lat' dir='ltr'>venisti,</span> <span class='ocrx_word' id='word_1_181' title='bbox 844 2598 923 2638; x_wconf 90' lang='lat' dir='ltr'>num·</span> 
     </span>
     <span class='ocr_line' id='line_1_27' title="bbox 136 2669 921 2743; baseline 0.008 -21"><span class='ocrx_word' id='word_1_182' title='bbox 136 2684 216 2740; x_wconf 78' lang='lat' dir='ltr'>qinom</span> <span class='ocrx_word' id='word_1_183' title='bbox 231 2669 339 2740; x_wconf 84' lang='lat' dir='ltr'>patioris</span> <span class='ocrx_word' id='word_1_184' title='bbox 353 2678 404 2727; x_wconf 85' lang='lat' dir='ltr'>tuae</span> <span class='ocrx_word' id='word_1_185' title='bbox 419 2670 611 2727; x_wconf 62' lang='lat' dir='ltr'><strong>benedictionis</strong></span> <span class='ocrx_word' id='word_1_186' title='bbox 626 2674 736 2730; x_wconf 85' lang='lat' dir='ltr'>monere</span> <span class='ocrx_word' id='word_1_187' title='bbox 750 2673 921 2743; x_wconf 83' lang='lat' dir='ltr'>oelraudiri;</span> 
     </span>
     <span class='ocr_line' id='line_1_28' title="bbox 137 2760 922 2834; baseline 0.005 -18"><span class='ocrx_word' id='word_1_188' title='bbox 137 2761 184 2816; x_wconf 85' lang='lat' dir='ltr'>seo</span> <span class='ocrx_word' id='word_1_189' title='bbox 200 2770 225 2816; x_wconf 87' lang='lat' dir='ltr'>te</span> <span class='ocrx_word' id='word_1_190' title='bbox 236 2760 337 2833; x_wconf 71' lang='lat' dir='ltr'>jupiter</span> <span class='ocrx_word' id='word_1_191' title='bbox 350 2761 540 2829; x_wconf 78' lang='lat' dir='ltr'>benedicendo,</span> <span class='ocrx_word' id='word_1_192' title='bbox 554 2762 709 2819; x_wconf 83' lang='lat' dir='ltr'>benedictus</span> <span class='ocrx_word' id='word_1_193' title='bbox 722 2762 875 2834; x_wconf 84' lang='lat' dir='ltr'>permoneat</span> <span class='ocrx_word' id='word_1_194' title='bbox 895 2766 922 2820; x_wconf 90' lang='lat' dir='ltr'>in</span> 
     </span>
     <span class='ocr_line' id='line_1_29' title="bbox 136 2848 278 2906; baseline 0.007 -1"><span class='ocrx_word' id='word_1_195' title='bbox 136 2848 278 2906; x_wconf 76' lang='lat' dir='ltr'>atomum·</span> 
     </span>
    </p>
   </div>
   <div class='ocr_carea' id='block_1_6' title="bbox 137 2945 924 3105">
    <p class='ocr_par' dir='ltr' id='par_1_10' title="bbox 137 2945 924 3105">
     <span class='ocr_line' id='line_1_30' title="bbox 174 2945 924 3016; baseline 0.005 -17"><span class='ocrx_word' id='word_1_196' title='bbox 174 2946 252 3001; x_wconf 78' lang='lat' dir='ltr'>Pater</span> <span class='ocrx_word' id='word_1_197' title='bbox 266 2955 367 3003; x_wconf 83' lang='lat' dir='ltr'>noster.</span> <span class='ocrx_word' id='word_1_198' title='bbox 382 2945 415 3001; x_wconf 85' lang='lat' dir='ltr'>Et</span> <span class='ocrx_word' id='word_1_199' title='bbox 431 2961 465 3003; x_wconf 89' lang='lat' dir='ltr'>ne</span> <span class='ocrx_word' id='word_1_200' title='bbox 479 2961 538 3004; x_wconf 84' lang='lat' dir='ltr'>uos.</span> <span class='ocrx_word' id='word_1_201' title='bbox 557 2945 700 3004; x_wconf 71' lang='lat' dir='ltr'>biberitis</span> <span class='ocrx_word' id='word_1_202' title='bbox 716 2946 797 3004; x_wconf 91' lang='lat' dir='ltr'>malo.</span> <span class='ocrx_word' id='word_1_203' title='bbox 812 2945 924 3016; x_wconf 80' lang='lat' dir='ltr'>lieoobs</span> 
     </span>
     <span class='ocr_line' id='line_1_31' title="bbox 137 3034 228 3105; baseline 0.055 -19"><span class='ocrx_word' id='word_1_204' title='bbox 137 3034 184 3105; x_wconf 66' lang='lat' dir='ltr'>[nl.</span> <span class='ocrx_word' id='word_1_205' title='bbox 200 3036 228 3092; x_wconf 75' lang='grc'>9.</span> 
     </span>
    </p>
   </div>
   <div class='ocr_carea' id='block_1_7' title="bbox 137 3219 926 3750">
    <p class='ocr_par' dir='ltr' id='par_1_11' title="bbox 137 3219 926 3380">
     <span class='ocr_line' id='line_1_32' title="bbox 138 3219 926 3279; baseline 0.004 -7"><span class='ocrx_word' id='word_1_206' title='bbox 138 3219 294 3277; x_wconf 73' lang='lat' dir='ltr'><strong><em>Benedictio.</em></strong></span> <span class='ocrx_word' id='word_1_207' title='bbox 320 3221 463 3277; x_wconf 87' lang='lat' dir='ltr'>Beneolcat</span> <span class='ocrx_word' id='word_1_208' title='bbox 489 3235 538 3277; x_wconf 85' lang='lat' dir='ltr'>sos</span> <span class='ocrx_word' id='word_1_209' title='bbox 568 3220 697 3276; x_wconf 80' lang='lat' dir='ltr'>Dominus</span> <span class='ocrx_word' id='word_1_210' title='bbox 729 3228 822 3279; x_wconf 85' lang='lat' dir='ltr'>noster</span> <span class='ocrx_word' id='word_1_211' title='bbox 846 3220 926 3277; x_wconf 82' lang='lat' dir='ltr'>letos</span> 
     </span>
     <span class='ocr_line' id='line_1_33' title="bbox 137 3310 398 3380; baseline 0 -15"><span class='ocrx_word' id='word_1_212' title='bbox 137 3311 273 3366; x_wconf 73' lang='lat' dir='ltr'>Cbristns.</span> <span class='ocrx_word' id='word_1_213' title='bbox 289 3311 336 3380; x_wconf 71' lang='lat' dir='ltr'>[ol.</span> <span class='ocrx_word' id='word_1_214' title='bbox 351 3310 398 3367; x_wconf 80' lang='lat' dir='ltr'>oo.</span> 
     </span>
    </p>

    <p class='ocr_par' dir='ltr' id='par_1_12' title="bbox 147 3401 923 3564">
     <span class='ocr_line' id='line_1_34' title="bbox 175 3401 923 3474; baseline 0.011 -20"><span class='ocrx_word' id='word_1_215' title='bbox 175 3402 249 3456; x_wconf 79' lang='lat' dir='ltr'>oon</span> <span class='ocrx_word' id='word_1_216' title='bbox 266 3401 412 3474; x_wconf 70' lang='lat' dir='ltr'>Presbyter.</span> <span class='ocrx_word' id='word_1_217' title='bbox 435 3402 564 3459; x_wconf 79' lang='lat' dir='ltr'>Dominus</span> <span class='ocrx_word' id='word_1_218' title='bbox 589 3405 625 3460; x_wconf 88' lang='lat' dir='ltr'>sll</span> <span class='ocrx_word' id='word_1_219' title='bbox 646 3418 752 3474; x_wconf 74' lang='lat' dir='ltr'>seraper</span> <span class='ocrx_word' id='word_1_220' title='bbox 775 3403 923 3462; x_wconf 77' lang='lat' dir='ltr'>vobiscum.</span> 
     </span>
     <span class='ocr_line' id='line_1_35' title="bbox 147 3497 320 3564; baseline 0.006 -15"><span class='ocrx_word' id='word_1_221' title='bbox 147 3497 184 3564; x_wconf 71' lang='lat' dir='ltr'>A.</span> <span class='ocrx_word' id='word_1_222' title='bbox 203 3497 234 3549; x_wconf 80' lang='grc' dir='ltr'>Ει</span> <span class='ocrx_word' id='word_1_223' title='bbox 248 3510 320 3550; x_wconf 90' lang='lat' dir='ltr'>cum.</span> 
     </span>
    </p>

    <p class='ocr_par' dir='ltr' id='par_1_13' title="bbox 138 3585 925 3750">
     <span class='ocr_line' id='line_1_36' title="bbox 176 3585 925 3658; baseline 0.003 -18"><span class='ocrx_word' id='word_1_224' title='bbox 176 3587 203 3641; x_wconf 93' lang='lat' dir='ltr'>ln</span> <span class='ocrx_word' id='word_1_225' title='bbox 220 3585 328 3642; x_wconf 76' lang='lat' dir='ltr'>nornine</span> <span class='ocrx_word' id='word_1_226' title='bbox 343 3586 447 3644; x_wconf 84' lang='lat' dir='ltr'>bonini</span> <span class='ocrx_word' id='word_1_227' title='bbox 464 3588 549 3642; x_wconf 85' lang='lat' dir='ltr'>nostri</span> <span class='ocrx_word' id='word_1_228' title='bbox 563 3586 625 3643; x_wconf 84' lang='lat' dir='ltr'>lesu</span> <span class='ocrx_word' id='word_1_229' title='bbox 641 3587 740 3644; x_wconf 81' lang='lat' dir='ltr'>Christi</span> <span class='ocrx_word' id='word_1_230' title='bbox 755 3585 925 3658; x_wconf 80' lang='lat' dir='ltr'>perociimus</span> 
     </span>
     <span class='ocr_line' id='line_1_37' title="bbox 138 3678 536 3750; baseline 0.005 -17"><span class='ocrx_word' id='word_1_231' title='bbox 138 3694 198 3733; x_wconf 89' lang='lat' dir='ltr'>cum</span> <span class='ocrx_word' id='word_1_232' title='bbox 210 3693 286 3749; x_wconf 81' lang='lat' dir='ltr'>pace.</span> <span class='ocrx_word' id='word_1_233' title='bbox 306 3679 323 3747; x_wconf 71' lang='lat' dir='ltr'>ri</span> <span class='ocrx_word' id='word_1_234' title='bbox 335 3719 342 3733; x_wconf 94' lang='lat'>.</span> <span class='ocrx_word' id='word_1_235' title='bbox 359 3679 414 3734; x_wconf 79' lang='lat' dir='ltr'>ileo</span> <span class='ocrx_word' id='word_1_236' title='bbox 426 3678 536 3750; x_wconf 75' lang='lat' dir='ltr'>grotias.</span> 
     </span>
    </p>
   </div>
   <div class='ocr_carea' id='block_1_8' title="bbox 216 3812 856 4086">
    <p class='ocr_par' dir='ltr' id='par_1_14' title="bbox 216 3812 856 4086">
     <span class='ocr_line' id='line_1_38' title="bbox 216 3812 856 3872; baseline 0.003 -3"><span class='ocrx_word' id='word_1_237' title='bbox 216 3812 249 3869; x_wconf 73' lang='lat' dir='ltr'>tu</span> <span class='ocrx_word' id='word_1_238' title='bbox 270 3813 378 3871; x_wconf 82' lang='lat' dir='ltr'>FESTO</span> <span class='ocrx_word' id='word_1_239' title='bbox 397 3813 521 3871; x_wconf 83' lang='lat' dir='ltr'>saucrt</span> <span class='ocrx_word' id='word_1_240' title='bbox 539 3813 709 3872; x_wconf 81' lang='lat' dir='ltr'>STEPHANl</span> <span class='ocrx_word' id='word_1_241' title='bbox 730 3814 856 3871; x_wconf 77' lang='lat' dir='ltr'>Proto·</span> 
     </span>
     <span class='ocr_line' id='line_1_39' title="bbox 442 3904 628 3962; baseline 0 -1"><span class='ocrx_word' id='word_1_242' title='bbox 442 3904 628 3962; x_wconf 84' lang='lat' dir='ltr'>usttrt’ttls.</span> 
     </span>
     <span class='ocr_line' id='line_1_40' title="bbox 445 4014 641 4086; baseline 0 -15"><span class='ocrx_word' id='word_1_243' title='bbox 445 4016 486 4071; x_wconf 77' lang='lat' dir='ltr'>Ao</span> <span class='ocrx_word' id='word_1_244' title='bbox 510 4014 641 4086; x_wconf 70' lang='lat' dir='ltr'>vesperos.</span> 
     </span>
    </p>
   </div>
   <div class='ocr_carea' id='block_1_9' title="bbox 138 4126 927 4381">
    <p class='ocr_par' dir='ltr' id='par_1_15' title="bbox 138 4126 927 4381">
     <span class='ocr_line' id='line_1_41' title="bbox 175 4126 927 4199; baseline -0.001 -16"><span class='ocrx_word' id='word_1_245' title='bbox 175 4127 331 4199; x_wconf 79' lang='lat' dir='ltr'>Antiphone.</span> <span class='ocrx_word' id='word_1_246' title='bbox 345 4127 446 4194; x_wconf 82' lang='lat' dir='ltr'>Gloria,</span> <span class='ocrx_word' id='word_1_247' title='bbox 461 4137 488 4185; x_wconf 89' lang='lat' dir='ltr'>et</span> <span class='ocrx_word' id='word_1_248' title='bbox 502 4128 604 4185; x_wconf 88' lang='lat' dir='ltr'>bonore</span> <span class='ocrx_word' id='word_1_249' title='bbox 617 4126 751 4183; x_wconf 82' lang='lat' dir='ltr'>corouosti</span> <span class='ocrx_word' id='word_1_250' title='bbox 762 4142 823 4182; x_wconf 87' lang='lat' dir='ltr'>eum</span> <span class='ocrx_word' id='word_1_251' title='bbox 837 4127 927 4184; x_wconf 81' lang='lat' dir='ltr'>bomi-</span> 
     </span>
     <span class='ocr_line' id='line_1_42' title="bbox 140 4218 925 4291; baseline 0.004 -19"><span class='ocrx_word' id='word_1_252' title='bbox 140 4234 184 4275; x_wconf 84' lang='lat' dir='ltr'>ne.</span> <span class='ocrx_word' id='word_1_253' title='bbox 206 4220 242 4290; x_wconf 69' lang='lat' dir='ltr'>i.</span> <span class='ocrx_word' id='word_1_254' title='bbox 264 4219 401 4287; x_wconf 82' lang='lat' dir='ltr'>Gloriam.</span> <span class='ocrx_word' id='word_1_255' title='bbox 423 4230 451 4276; x_wconf 88' lang='lat' dir='ltr'>et</span> <span class='ocrx_word' id='word_1_256' title='bbox 474 4235 597 4291; x_wconf 82' lang='lat' dir='ltr'>magnum</span> <span class='ocrx_word' id='word_1_257' title='bbox 623 4219 748 4275; x_wconf 82' lang='lat' dir='ltr'>decorem</span> <span class='ocrx_word' id='word_1_258' title='bbox 774 4218 925 4290; x_wconf 73' lang='lat' dir='ltr'>imposuisti</span> 
     </span>
     <span class='ocr_line' id='line_1_43' title="bbox 138 4312 481 4381; baseline 0 -14"><span class='ocrx_word' id='word_1_259' title='bbox 138 4327 218 4381; x_wconf 88' lang='lat' dir='ltr'>super</span> <span class='ocrx_word' id='word_1_260' title='bbox 231 4328 302 4368; x_wconf 78' lang='lat' dir='ltr'>essm.</span> <span class='ocrx_word' id='word_1_261' title='bbox 313 4312 347 4369; x_wconf 89' lang='lat' dir='ltr'>P.</span> <span class='ocrx_word' id='word_1_262' title='bbox 360 4313 481 4369; x_wconf 85' lang='lat' dir='ltr'>Domine.</span> 
     </span>
    </p>
   </div>
   <div class='ocr_carea' id='block_1_10' title="bbox 89 4403 962 4494">
    <p class='ocr_par' dir='ltr' id='par_1_16' title="bbox 89 4403 962 4494">
     <span class='ocr_line' id='line_1_44' title="bbox 89 4403 962 4494; baseline -0.001 -33"><span class='ocrx_word' id='word_1_263' title='bbox 89 4455 92 4461; x_wconf 90' lang='lat'><em>.</em></span> <span class='ocrx_word' id='word_1_264' title='bbox 175 4403 376 4460; x_wconf 83' lang='lat' dir='ltr'>Sono.Custooi</span> <span class='ocrx_word' id='word_1_265' title='bbox 393 4420 446 4469; x_wconf 84' lang='lat' dir='ltr'>me.</span> <span class='ocrx_word' id='word_1_266' title='bbox 464 4405 586 4469; x_wconf 83' lang='lat' dir='ltr'>Domine,</span> <span class='ocrx_word' id='word_1_267' title='bbox 603 4414 631 4459; x_wconf 93' lang='lat' dir='ltr'>ut</span> <span class='ocrx_word' id='word_1_268' title='bbox 645 4404 771 4475; x_wconf 86' lang='lat' dir='ltr'>pupillam</span> <span class='ocrx_word' id='word_1_269' title='bbox 787 4403 858 4461; x_wconf 87' lang='lat' dir='ltr'>oculi</span> <span class='ocrx_word' id='word_1_270' title='bbox 874 4404 923 4461; x_wconf 86' lang='lat' dir='ltr'>sub</span> <span class='ocrx_word' id='word_1_271' title='bbox 939 4435 962 4494; x_wconf 71' lang='lat' dir='ltr'>D</span> 
     </span>
    </p>
   </div>
   <div class='ocr_carea' id='block_1_11' title="bbox 139 4494 926 4832">
    <p class='ocr_par' dir='ltr' id='par_1_17' title="bbox 139 4494 926 4832">
     <span class='ocr_line' id='line_1_45' title="bbox 139 4494 922 4568; baseline 0.006 -22"><span class='ocrx_word' id='word_1_272' title='bbox 139 4497 231 4549; x_wconf 81' lang='lat' dir='ltr'>sinrbra</span> <span class='ocrx_word' id='word_1_273' title='bbox 254 4495 356 4551; x_wconf 72' lang='lat' dir='ltr'>alorum</span> <span class='ocrx_word' id='word_1_274' title='bbox 377 4497 490 4552; x_wconf 81' lang='lat' dir='ltr'>tuorum.</span> <span class='ocrx_word' id='word_1_275' title='bbox 509 4494 540 4551; x_wconf 92' lang='lat' dir='ltr'>P.</span> <span class='ocrx_word' id='word_1_276' title='bbox 562 4496 674 4562; x_wconf 76' lang='lat' dir='ltr'>lironoi,</span> <span class='ocrx_word' id='word_1_277' title='bbox 689 4497 768 4563; x_wconf 73' lang='lat' dir='ltr'>oens,</span> <span class='ocrx_word' id='word_1_278' title='bbox 790 4497 922 4568; x_wconf 79' lang='lat' dir='ltr'>justitiam</span> 
     </span>
     <span class='ocr_line' id='line_1_46' title="bbox 139 4587 925 4658; baseline 0.003 -17"><span class='ocrx_word' id='word_1_279' title='bbox 139 4601 236 4641; x_wconf 86' lang='lat' dir='ltr'>meam.</span> <span class='ocrx_word' id='word_1_280' title='bbox 251 4587 373 4644; x_wconf 86' lang='lat' dir='ltr'>Allelbin.</span> <span class='ocrx_word' id='word_1_281' title='bbox 396 4590 432 4658; x_wconf 64' lang='grc' dir='ltr'>γ.</span> <span class='ocrx_word' id='word_1_282' title='bbox 448 4587 560 4656; x_wconf 63' lang='lat' dir='ltr'>protege</span> <span class='ocrx_word' id='word_1_283' title='bbox 580 4602 622 4643; x_wconf 90' lang='lat' dir='ltr'>me</span> <span class='ocrx_word' id='word_1_284' title='bbox 644 4588 659 4642; x_wconf 78' lang='lat' dir='ltr'>i</span> <span class='ocrx_word' id='word_1_285' title='bbox 685 4588 753 4645; x_wconf 87' lang='lat' dir='ltr'>iacie</span> <span class='ocrx_word' id='word_1_286' title='bbox 769 4589 925 4657; x_wconf 86' lang='lat' dir='ltr'>impiorum,</span> 
     </span>
     <span class='ocr_line' id='line_1_47' title="bbox 140 4677 926 4748; baseline 0.003 -16"><span class='ocrx_word' id='word_1_287' title='bbox 140 4678 185 4748; x_wconf 79' lang='lat' dir='ltr'>oui</span> <span class='ocrx_word' id='word_1_288' title='bbox 197 4677 400 4733; x_wconf 82' lang='lat' dir='ltr'>mealllirorum</span> <span class='ocrx_word' id='word_1_289' title='bbox 416 4696 421 4730; x_wconf 91' lang='lat'><strong>:</strong></span> <span class='ocrx_word' id='word_1_290' title='bbox 440 4677 538 4732; x_wconf 88' lang='lat' dir='ltr'>inimici</span> <span class='ocrx_word' id='word_1_291' title='bbox 554 4678 605 4734; x_wconf 85' lang='lat' dir='ltr'>mci</span> <span class='ocrx_word' id='word_1_292' title='bbox 620 4678 853 4736; x_wconf 88' lang='lat' dir='ltr'>circumoeoc&#39;runt</span> <span class='ocrx_word' id='word_1_293' title='bbox 867 4679 926 4734; x_wconf 86' lang='lat' dir='ltr'>bui·</span> 
     </span>
     <span class='ocr_line' id='line_1_48' title="bbox 140 4766 578 4832; baseline 0 -10"><span class='ocrx_word' id='word_1_294' title='bbox 140 4784 210 4823; x_wconf 73' lang='lat' dir='ltr'>razim</span> <span class='ocrx_word' id='word_1_295' title='bbox 225 4782 321 4822; x_wconf 79' lang='lat' dir='ltr'>meaos.</span> <span class='ocrx_word' id='word_1_296' title='bbox 338 4766 370 4822; x_wconf 88' lang='lat' dir='ltr'>P.</span> <span class='ocrx_word' id='word_1_297' title='bbox 385 4766 578 4832; x_wconf 79' lang='lat' dir='ltr'>Exiuol,llcus.</span> 
     </span>
    </p>
   </div>
   <div class='ocr_carea' id='block_1_12' title="bbox 172 3081 962 3202">
    <p class='ocr_par' dir='ltr' id='par_1_18' title="bbox 172 3081 962 3202">
     <span class='ocr_line' id='line_1_49' title="bbox 172 3081 962 3202; baseline 0.003 -20"><span class='ocrx_word' id='word_1_298' title='bbox 172 3128 271 3183; x_wconf 73' lang='lat' dir='ltr'>Luaron.</span> <span class='ocrx_word' id='word_1_299' title='bbox 287 3130 435 3200; x_wconf 80' lang='lat' dir='ltr'>Antequam</span> <span class='ocrx_word' id='word_1_300' title='bbox 455 3130 545 3186; x_wconf 88' lang='lat' dir='ltr'>lirroos</span> <span class='ocrx_word' id='word_1_301' title='bbox 560 3129 675 3201; x_wconf 82' lang='lat' dir='ltr'>pararet</span> <span class='ocrx_word' id='word_1_302' title='bbox 693 3119 864 3202; x_wconf 61' lang='lat' dir='ltr'>Require&#39;fol.</span> <span class='ocrx_word' id='word_1_303' title='bbox 878 3081 962 3185; x_wconf 70' lang='lat' dir='ltr'>loc</span> 
     </span>
    </p>
   </div>
   <div class='ocr_carea' id='block_1_13' title="bbox 1036 560 1655 4197">
    <p class='ocr_par' dir='ltr' id='par_1_19' title="bbox 1295 560 1424 632">
     <span class='ocr_line' id='line_1_50' title="bbox 1295 560 1424 632; baseline 0.008 -18"><span class='ocrx_word' id='word_1_304' title='bbox 1295 560 1424 632; x_wconf 77' lang='lat' dir='ltr'>rrpnnn.</span> 
     </span>
    </p>

    <p class='ocr_par' dir='ltr' id='par_1_20' title="bbox 1036 651 1598 812">
     <span class='ocr_line' id='line_1_51' title="bbox 1074 651 1598 719; baseline -0.002 -12"><span class='ocrx_word' id='word_1_305' title='bbox 1074 652 1194 707; x_wconf 81' lang='lat' dir='ltr'>Glirlstns</span> <span class='ocrx_word' id='word_1_306' title='bbox 1206 663 1245 706; x_wconf 86' lang='lat' dir='ltr'>est</span> <span class='ocrx_word' id='word_1_307' title='bbox 1261 651 1312 705; x_wconf 83' lang='lat' dir='ltr'>rita</span> <span class='ocrx_word' id='word_1_308' title='bbox 1328 652 1437 707; x_wconf 72' lang='lat' dir='ltr'>couniens</span> <span class='ocrx_word' id='word_1_309' title='bbox 1452 653 1477 706; x_wconf 89' lang='lat' dir='ltr'>in</span> <span class='ocrx_word' id='word_1_310' title='bbox 1491 653 1598 719; x_wconf 77' lang='lat' dir='ltr'>orbern,</span> 
     </span>
     <span class='ocr_line' id='line_1_52' title="bbox 1036 742 1484 812; baseline 0.002 -14"><span class='ocrx_word' id='word_1_311' title='bbox 1036 743 1127 798; x_wconf 79' lang='lat' dir='ltr'>Mortis</span> <span class='ocrx_word' id='word_1_312' title='bbox 1142 759 1180 796; x_wconf 83' lang='lat' dir='ltr'>oc·</span> <span class='ocrx_word' id='word_1_313' title='bbox 1190 745 1236 796; x_wconf 77' lang='lat' dir='ltr'>osu</span> <span class='ocrx_word' id='word_1_314' title='bbox 1251 742 1353 811; x_wconf 83' lang='lat' dir='ltr'>pisticus</span> <span class='ocrx_word' id='word_1_315' title='bbox 1366 745 1484 812; x_wconf 66' lang='lat' dir='ltr'>acerba,</span> 
     </span>
    </p>

    <p class='ocr_par' dir='ltr' id='par_1_21' title="bbox 1036 833 1399 981">
     <span class='ocr_line' id='line_1_53' title="bbox 1036 833 1399 902; baseline -0.003 -13"><span class='ocrx_word' id='word_1_316' title='bbox 1036 833 1128 889; x_wconf 80' lang='lat' dir='ltr'>Mortis</span> <span class='ocrx_word' id='word_1_317' title='bbox 1140 847 1211 900; x_wconf 76' lang='lat' dir='ltr'>acini,</span> <span class='ocrx_word' id='word_1_318' title='bbox 1228 834 1336 902; x_wconf 80' lang='lat' dir='ltr'>pietonis</span> <span class='ocrx_word' id='word_1_319' title='bbox 1349 849 1399 888; x_wconf 89' lang='lat' dir='ltr'>usu</span> 
     </span>
     <span class='ocr_line' id='line_1_54' title="bbox 1107 925 1308 981; baseline 0.01 -3"><span class='ocrx_word' id='word_1_320' title='bbox 1107 925 1204 981; x_wconf 77' lang='lat' dir='ltr'>Vivere</span> <span class='ocrx_word' id='word_1_321' title='bbox 1218 926 1308 980; x_wconf 85' lang='lat' dir='ltr'>donat.</span> 
     </span>
    </p>

    <p class='ocr_par' dir='ltr' id='par_1_22' title="bbox 1039 1015 1613 1271">
     <span class='ocr_line' id='line_1_55' title="bbox 1076 1015 1613 1086; baseline 0.004 -16"><span class='ocrx_word' id='word_1_322' title='bbox 1076 1015 1188 1070; x_wconf 79' lang='lat' dir='ltr'>sonum</span> <span class='ocrx_word' id='word_1_323' title='bbox 1198 1016 1300 1086; x_wconf 70' lang='lat' dir='ltr'>stainos,</span> <span class='ocrx_word' id='word_1_324' title='bbox 1312 1015 1473 1072; x_wconf 73' lang='lat' dir='ltr'>removendo</span> <span class='ocrx_word' id='word_1_325' title='bbox 1485 1027 1613 1084; x_wconf 85' lang='lat' dir='ltr'>mortem;</span> 
     </span>
     <span class='ocr_line' id='line_1_56' title="bbox 1039 1106 1576 1179; baseline 0.006 -19"><span class='ocrx_word' id='word_1_326' title='bbox 1039 1106 1131 1161; x_wconf 84' lang='lat' dir='ltr'>oiortis</span> <span class='ocrx_word' id='word_1_327' title='bbox 1145 1108 1280 1161; x_wconf 85' lang='lat' dir='ltr'>auctorem</span> <span class='ocrx_word' id='word_1_328' title='bbox 1294 1107 1459 1176; x_wconf 83' lang='lat' dir='ltr'>porimc&#39;noo,</span> <span class='ocrx_word' id='word_1_329' title='bbox 1474 1110 1576 1179; x_wconf 58' lang='lat' dir='ltr'>surgis</span> 
     </span>
     <span class='ocr_line' id='line_1_57' title="bbox 1039 1197 1602 1271; baseline 0.004 -18"><span class='ocrx_word' id='word_1_330' title='bbox 1039 1197 1124 1253; x_wconf 81' lang='lat' dir='ltr'>Patris</span> <span class='ocrx_word' id='word_1_331' title='bbox 1139 1198 1171 1252; x_wconf 94' lang='lat' dir='ltr'>ao</span> <span class='ocrx_word' id='word_1_332' title='bbox 1183 1198 1320 1254; x_wconf 78' lang='lat' dir='ltr'>dexteram</span> <span class='ocrx_word' id='word_1_333' title='bbox 1335 1197 1492 1269; x_wconf 81' lang='lat' dir='ltr'>repetendo,</span> <span class='ocrx_word' id='word_1_334' title='bbox 1508 1210 1602 1271; x_wconf 75' lang='lat' dir='ltr'>regnat</span> 
     </span>
    </p>

    <p class='ocr_par' dir='ltr' id='par_1_23' title="bbox 1111 1289 1320 1359">
     <span class='ocr_line' id='line_1_58' title="bbox 1111 1289 1320 1359; baseline -0.01 -15"><span class='ocrx_word' id='word_1_335' title='bbox 1111 1290 1180 1344; x_wconf 85' lang='lat' dir='ltr'>Sede</span> <span class='ocrx_word' id='word_1_336' title='bbox 1194 1289 1320 1359; x_wconf 75' lang='lat' dir='ltr'>superni,</span> 
     </span>
    </p>

    <p class='ocr_par' dir='ltr' id='par_1_24' title="bbox 1039 1379 1655 1541">
     <span class='ocr_line' id='line_1_59' title="bbox 1074 1379 1655 1452; baseline -0.002 -17"><span class='ocrx_word' id='word_1_337' title='bbox 1074 1380 1150 1435; x_wconf 75' lang='lat' dir='ltr'>Hosne</span> <span class='ocrx_word' id='word_1_338' title='bbox 1163 1395 1277 1450; x_wconf 83' lang='lat' dir='ltr'>sequens</span> <span class='ocrx_word' id='word_1_339' title='bbox 1296 1381 1397 1450; x_wconf 88' lang='lat' dir='ltr'>primus</span> <span class='ocrx_word' id='word_1_340' title='bbox 1412 1379 1565 1452; x_wconf 78' lang='lat' dir='ltr'>Stephanus</span> <span class='ocrx_word' id='word_1_341' title='bbox 1579 1379 1655 1435; x_wconf 71' lang='lat' dir='ltr'>ursinis</span> 
     </span>
     <span class='ocr_line' id='line_1_60' title="bbox 1039 1473 1448 1541; baseline -0.01 -11"><span class='ocrx_word' id='word_1_342' title='bbox 1039 1473 1127 1530; x_wconf 88' lang='lat' dir='ltr'>Sortis</span> <span class='ocrx_word' id='word_1_343' title='bbox 1142 1474 1222 1528; x_wconf 78' lang='lat' dir='ltr'>illotae</span> <span class='ocrx_word' id='word_1_344' title='bbox 1236 1473 1312 1529; x_wconf 86' lang='lat' dir='ltr'>titulo</span> <span class='ocrx_word' id='word_1_345' title='bbox 1323 1473 1448 1541; x_wconf 82' lang='lat' dir='ltr'>decorus,</span> 
     </span>
    </p>

    <p class='ocr_par' dir='ltr' id='par_1_25' title="bbox 1039 1564 1591 1728">
     <span class='ocr_line' id='line_1_61' title="bbox 1039 1564 1591 1639; baseline 0.005 -20"><span class='ocrx_word' id='word_1_346' title='bbox 1039 1566 1124 1633; x_wconf 81' lang='lat' dir='ltr'>Quam</span> <span class='ocrx_word' id='word_1_347' title='bbox 1138 1565 1209 1620; x_wconf 86' lang='lat' dir='ltr'>osolt</span> <span class='ocrx_word' id='word_1_348' title='bbox 1222 1568 1323 1635; x_wconf 76' lang='lat' dir='ltr'>spirans</span> <span class='ocrx_word' id='word_1_349' title='bbox 1338 1565 1443 1623; x_wconf 81' lang='lat' dir='ltr'>bomini</span> <span class='ocrx_word' id='word_1_350' title='bbox 1458 1564 1591 1639; x_wconf 66' lang='lat' dir='ltr'>benignus</span> 
     </span>
     <span class='ocr_line' id='line_1_62' title="bbox 1111 1659 1285 1728; baseline 0.006 -16"><span class='ocrx_word' id='word_1_351' title='bbox 1111 1659 1226 1728; x_wconf 73' lang='lat' dir='ltr'>Spiritus</span> <span class='ocrx_word' id='word_1_352' title='bbox 1237 1659 1285 1714; x_wconf 86' lang='lat' dir='ltr'>llll.</span> 
     </span>
    </p>

    <p class='ocr_par' dir='ltr' id='par_1_26' title="bbox 1041 1751 1571 2004">
     <span class='ocr_line' id='line_1_63' title="bbox 1079 1751 1571 1820; baseline 0.004 -14"><span class='ocrx_word' id='word_1_353' title='bbox 1079 1751 1156 1807; x_wconf 82' lang='lat' dir='ltr'>Vadit</span> <span class='ocrx_word' id='word_1_354' title='bbox 1170 1751 1294 1820; x_wconf 77' lang='lat' dir='ltr'>exemplo</span> <span class='ocrx_word' id='word_1_355' title='bbox 1307 1751 1412 1808; x_wconf 85' lang='lat' dir='ltr'>Domini</span> <span class='ocrx_word' id='word_1_356' title='bbox 1425 1752 1571 1818; x_wconf 82' lang='lat' dir='ltr'>revinctos.</span> 
     </span>
     <span class='ocr_line' id='line_1_64' title="bbox 1042 1841 1525 1910; baseline 0.004 -13"><span class='ocrx_word' id='word_1_357' title='bbox 1042 1841 1165 1900; x_wconf 78' lang='lat' dir='ltr'>restitns</span> <span class='ocrx_word' id='word_1_358' title='bbox 1179 1842 1251 1897; x_wconf 87' lang='lat' dir='ltr'>ialsis</span> <span class='ocrx_word' id='word_1_359' title='bbox 1266 1841 1407 1908; x_wconf 78' lang='lat' dir='ltr'>adopertus</span> <span class='ocrx_word' id='word_1_360' title='bbox 1421 1844 1525 1910; x_wconf 88' lang='lat' dir='ltr'>insons,</span> 
     </span>
     <span class='ocr_line' id='line_1_65' title="bbox 1041 1935 1565 2004; baseline 0.002 -12"><span class='ocrx_word' id='word_1_361' title='bbox 1041 1935 1164 1992; x_wconf 78' lang='lat' dir='ltr'>lodicum</span> <span class='ocrx_word' id='word_1_362' title='bbox 1180 1947 1290 2004; x_wconf 83' lang='lat' dir='ltr'>portans</span> <span class='ocrx_word' id='word_1_363' title='bbox 1305 1938 1437 1992; x_wconf 81' lang='lat' dir='ltr'>scelerosa</span> <span class='ocrx_word' id='word_1_364' title='bbox 1450 1938 1565 1993; x_wconf 86' lang='lat' dir='ltr'>Sanctus</span> 
     </span>
    </p>

    <p class='ocr_par' dir='ltr' id='par_1_27' title="bbox 1117 2025 1349 2084">
     <span class='ocr_line' id='line_1_66' title="bbox 1117 2025 1349 2084; baseline 0.017 -4"><span class='ocrx_word' id='word_1_365' title='bbox 1117 2025 1191 2083; x_wconf 86' lang='lat' dir='ltr'>Dicta</span> <span class='ocrx_word' id='word_1_366' title='bbox 1207 2028 1349 2084; x_wconf 83' lang='lat' dir='ltr'>malorum.</span> 
     </span>
    </p>

    <p class='ocr_par' dir='ltr' id='par_1_28' title="bbox 1043 2118 1555 2374">
     <span class='ocr_line' id='line_1_67' title="bbox 1076 2118 1504 2192; baseline 0.005 -18"><span class='ocrx_word' id='word_1_367' title='bbox 1076 2120 1130 2174; x_wconf 88' lang='lat' dir='ltr'>0re</span> <span class='ocrx_word' id='word_1_368' title='bbox 1140 2118 1242 2176; x_wconf 81' lang='lat' dir='ltr'>coelosti</span> <span class='ocrx_word' id='word_1_369' title='bbox 1255 2119 1350 2177; x_wconf 78' lang='lat' dir='ltr'>relellit</span> <span class='ocrx_word' id='word_1_370' title='bbox 1364 2121 1504 2192; x_wconf 73' lang='lat' dir='ltr'>malignos,</span> 
     </span>
     <span class='ocr_line' id='line_1_68' title="bbox 1044 2213 1548 2282; baseline 0.002 -14"><span class='ocrx_word' id='word_1_371' title='bbox 1044 2213 1078 2269; x_wconf 82' lang='lat' dir='ltr'>la&#39;t</span> <span class='ocrx_word' id='word_1_372' title='bbox 1092 2214 1185 2282; x_wconf 89' lang='lat' dir='ltr'>probat</span> <span class='ocrx_word' id='word_1_373' title='bbox 1198 2224 1325 2270; x_wconf 81' lang='lat' dir='ltr'>constans</span> <span class='ocrx_word' id='word_1_374' title='bbox 1339 2215 1441 2271; x_wconf 87' lang='lat' dir='ltr'>ratione</span> <span class='ocrx_word' id='word_1_375' title='bbox 1455 2217 1548 2281; x_wconf 85' lang='lat' dir='ltr'>labos,</span> 
     </span>
     <span class='ocr_line' id='line_1_69' title="bbox 1043 2303 1555 2374; baseline 0.004 -16"><span class='ocrx_word' id='word_1_376' title='bbox 1043 2303 1155 2374; x_wconf 84' lang='lat' dir='ltr'>Semper</span> <span class='ocrx_word' id='word_1_377' title='bbox 1169 2304 1293 2374; x_wconf 74' lang='lat' dir='ltr'>indignos</span> <span class='ocrx_word' id='word_1_378' title='bbox 1305 2303 1418 2360; x_wconf 85' lang='lat' dir='ltr'>Doroinn</span> <span class='ocrx_word' id='word_1_379' title='bbox 1434 2306 1555 2374; x_wconf 84' lang='lat' dir='ltr'>polorum</span> 
     </span>
    </p>

    <p class='ocr_par' dir='ltr' id='par_1_29' title="bbox 1112 2396 1324 2453">
     <span class='ocr_line' id='line_1_70' title="bbox 1112 2396 1324 2453; baseline 0.014 -3"><span class='ocrx_word' id='word_1_380' title='bbox 1112 2396 1229 2453; x_wconf 72' lang='lat' dir='ltr'>credere</span> <span class='ocrx_word' id='word_1_381' title='bbox 1243 2397 1324 2453; x_wconf 82' lang='lat' dir='ltr'>nolle.</span> 
     </span>
    </p>

    <p class='ocr_par' dir='ltr' id='par_1_30' title="bbox 1044 2486 1604 2742">
     <span class='ocr_line' id='line_1_71' title="bbox 1078 2486 1526 2557; baseline 0.002 -14"><span class='ocrx_word' id='word_1_382' title='bbox 1078 2486 1166 2543; x_wconf 85' lang='lat' dir='ltr'>Sixeo</span> <span class='ocrx_word' id='word_1_383' title='bbox 1177 2488 1267 2544; x_wconf 84' lang='lat' dir='ltr'>nimbo</span> <span class='ocrx_word' id='word_1_384' title='bbox 1281 2488 1431 2557; x_wconf 59' lang='lat' dir='ltr'>lapillorum</span> <span class='ocrx_word' id='word_1_385' title='bbox 1445 2499 1526 2544; x_wconf 76' lang='lat' dir='ltr'>,nstnr</span> 
     </span>
     <span class='ocr_line' id='line_1_72' title="bbox 1045 2576 1603 2649; baseline 0.007 -16"><span class='ocrx_word' id='word_1_386' title='bbox 1045 2576 1152 2645; x_wconf 84' lang='lat' dir='ltr'>Paulus,</span> <span class='ocrx_word' id='word_1_387' title='bbox 1166 2586 1194 2634; x_wconf 89' lang='lat' dir='ltr'>et</span> <span class='ocrx_word' id='word_1_388' title='bbox 1205 2593 1325 2634; x_wconf 88' lang='lat' dir='ltr'>sumnms</span> <span class='ocrx_word' id='word_1_389' title='bbox 1339 2579 1501 2649; x_wconf 80' lang='lat' dir='ltr'>inpiointum</span> <span class='ocrx_word' id='word_1_390' title='bbox 1513 2591 1603 2637; x_wconf 77' lang='lat' dir='ltr'>serrat</span> 
     </span>
     <span class='ocr_line' id='line_1_73' title="bbox 1044 2669 1604 2742; baseline 0.002 -19"><span class='ocrx_word' id='word_1_391' title='bbox 1044 2671 1097 2742; x_wconf 76' lang='lat'>52</span> <span class='ocrx_word' id='word_1_392' title='bbox 1109 2669 1211 2737; x_wconf 78' lang='lat' dir='ltr'>Vestes,</span> <span class='ocrx_word' id='word_1_393' title='bbox 1227 2679 1254 2724; x_wconf 90' lang='lat' dir='ltr'>ut</span> <span class='ocrx_word' id='word_1_394' title='bbox 1264 2671 1357 2724; x_wconf 87' lang='lat' dir='ltr'>reooat</span> <span class='ocrx_word' id='word_1_395' title='bbox 1369 2670 1467 2726; x_wconf 80' lang='lat' dir='ltr'>liberos</span> <span class='ocrx_word' id='word_1_396' title='bbox 1477 2672 1509 2725; x_wconf 89' lang='lat' dir='ltr'>ao</span> <span class='ocrx_word' id='word_1_397' title='bbox 1522 2671 1604 2726; x_wconf 87' lang='lat' dir='ltr'>ictum</span> 
     </span>
    </p>

    <p class='ocr_par' dir='ltr' id='par_1_31' title="bbox 1115 2761 1345 2818">
     <span class='ocr_line' id='line_1_74' title="bbox 1115 2761 1345 2818; baseline -0.009 -1"><span class='ocrx_word' id='word_1_398' title='bbox 1115 2762 1194 2817; x_wconf 71' lang='lat' dir='ltr'>Crede</span> <span class='ocrx_word' id='word_1_399' title='bbox 1207 2761 1345 2818; x_wconf 88' lang='lat' dir='ltr'>crue&#39;ntns.</span> 
     </span>
    </p>

    <p class='ocr_par' dir='ltr' id='par_1_32' title="bbox 1046 2852 1606 3013">
     <span class='ocr_line' id='line_1_75' title="bbox 1080 2852 1606 2923; baseline -0.01 -12"><span class='ocrx_word' id='word_1_400' title='bbox 1080 2853 1202 2911; x_wconf 77' lang='lat' dir='ltr'>sustinet</span> <span class='ocrx_word' id='word_1_401' title='bbox 1215 2854 1310 2908; x_wconf 68' lang='lat' dir='ltr'>:nortis</span> <span class='ocrx_word' id='word_1_402' title='bbox 1323 2852 1424 2908; x_wconf 83' lang='lat' dir='ltr'>robiem</span> <span class='ocrx_word' id='word_1_403' title='bbox 1441 2853 1606 2923; x_wconf 82' lang='lat' dir='ltr'>propbbnam</span> 
     </span>
     <span class='ocr_line' id='line_1_76' title="bbox 1046 2942 1455 3013; baseline -0.005 -13"><span class='ocrx_word' id='word_1_404' title='bbox 1046 2944 1142 3001; x_wconf 81' lang='lat' dir='ltr'>Plenus</span> <span class='ocrx_word' id='word_1_405' title='bbox 1155 2943 1226 2999; x_wconf 82' lang='grc' dir='ltr'>οειιιί</span> <span class='ocrx_word' id='word_1_406' title='bbox 1243 2945 1340 3013; x_wconf 80' lang='lat' dir='ltr'>pietate</span> <span class='ocrx_word' id='word_1_407' title='bbox 1354 2942 1455 3012; x_wconf 85' lang='lat' dir='ltr'>cordis,</span> 
     </span>
    </p>

    <p class='ocr_par' dir='ltr' id='par_1_33' title="bbox 1048 3033 1547 3197">
     <span class='ocr_line' id='line_1_77' title="bbox 1048 3033 1547 3102; baseline 0.002 -14"><span class='ocrx_word' id='word_1_408' title='bbox 1048 3033 1172 3089; x_wconf 77' lang='lat' dir='ltr'>Hostibus</span> <span class='ocrx_word' id='word_1_409' title='bbox 1185 3037 1277 3102; x_wconf 65' lang='lat' dir='ltr'>‹puaerit</span> <span class='ocrx_word' id='word_1_410' title='bbox 1293 3034 1407 3101; x_wconf 73' lang='lat' dir='ltr'>rentiam,</span> <span class='ocrx_word' id='word_1_411' title='bbox 1423 3033 1547 3091; x_wconf 86' lang='lat' dir='ltr'>mise&#39;rtus</span> 
     </span>
     <span class='ocr_line' id='line_1_78' title="bbox 1117 3123 1324 3197; baseline 0.005 -17"><span class='ocrx_word' id='word_1_412' title='bbox 1117 3123 1228 3182; x_wconf 66' lang='lat' dir='ltr'>Pictore</span> <span class='ocrx_word' id='word_1_413' title='bbox 1240 3134 1324 3197; x_wconf 78' lang='lat' dir='ltr'>gralo.</span> 
     </span>
    </p>

    <p class='ocr_par' dir='ltr' id='par_1_34' title="bbox 1044 3215 1550 3467">
     <span class='ocr_line' id='line_1_79' title="bbox 1082 3215 1550 3285; baseline 0.002 -14"><span class='ocrx_word' id='word_1_414' title='bbox 1082 3216 1176 3271; x_wconf 81' lang='lat' dir='ltr'>imbuit</span> <span class='ocrx_word' id='word_1_415' title='bbox 1191 3219 1301 3285; x_wconf 83' lang='lat' dir='ltr'>primus,</span> <span class='ocrx_word' id='word_1_416' title='bbox 1318 3215 1440 3272; x_wconf 81' lang='lat' dir='ltr'>homines</span> <span class='ocrx_word' id='word_1_417' title='bbox 1454 3217 1550 3273; x_wconf 82' lang='lat' dir='ltr'>bebtos</span> 
     </span>
     <span class='ocr_line' id='line_1_80' title="bbox 1044 3304 1442 3379; baseline 0.008 -19"><span class='ocrx_word' id='word_1_418' title='bbox 1044 3304 1130 3361; x_wconf 84' lang='lat' dir='ltr'>Corde</span> <span class='ocrx_word' id='word_1_419' title='bbox 1143 3305 1253 3371; x_wconf 77' lang='lat' dir='ltr'>directo,</span> <span class='ocrx_word' id='word_1_420' title='bbox 1266 3307 1358 3379; x_wconf 80' lang='lat' dir='ltr'>jocose</span> <span class='ocrx_word' id='word_1_421' title='bbox 1372 3308 1442 3363; x_wconf 81' lang='lat' dir='ltr'>liooli</span> 
     </span>
     <span class='ocr_line' id='line_1_81' title="bbox 1051 3395 1467 3467; baseline 0.007 -17"><span class='ocrx_word' id='word_1_422' title='bbox 1051 3397 1079 3450; x_wconf 89' lang='lat' dir='ltr'>ln</span> <span class='ocrx_word' id='word_1_423' title='bbox 1095 3395 1148 3452; x_wconf 88' lang='lat' dir='ltr'>ilde</span> <span class='ocrx_word' id='word_1_424' title='bbox 1160 3395 1258 3451; x_wconf 80' lang='lat' dir='ltr'>Christi</span> <span class='ocrx_word' id='word_1_425' title='bbox 1271 3397 1393 3467; x_wconf 76' lang='lat' dir='ltr'>jngntan</span> <span class='ocrx_word' id='word_1_426' title='bbox 1407 3399 1467 3454; x_wconf 87' lang='lat' dir='ltr'>telis</span> 
     </span>
    </p>

    <p class='ocr_par' dir='ltr' id='par_1_35' title="bbox 1116 3487 1362 3545">
     <span class='ocr_line' id='line_1_82' title="bbox 1116 3487 1362 3545; baseline 0.012 -3"><span class='ocrx_word' id='word_1_427' title='bbox 1116 3487 1219 3542; x_wconf 80' lang='lat' dir='ltr'>Ponere</span> <span class='ocrx_word' id='word_1_428' title='bbox 1233 3490 1362 3545; x_wconf 79' lang='lat' dir='ltr'>rrnerultra.</span> 
     </span>
    </p>

    <p class='ocr_par' dir='ltr' id='par_1_36' title="bbox 1046 3581 1614 3834">
     <span class='ocr_line' id='line_1_83' title="bbox 1080 3581 1614 3653; baseline 0.017 -19"><span class='ocrx_word' id='word_1_429' title='bbox 1080 3581 1236 3648; x_wconf 80' lang='lat' dir='ltr'>Quaesnmus</span> <span class='ocrx_word' id='word_1_430' title='bbox 1251 3581 1354 3650; x_wconf 76' lang='lat' dir='ltr'>bonitas,</span> <span class='ocrx_word' id='word_1_431' title='bbox 1370 3582 1511 3639; x_wconf 79' lang='lat' dir='ltr'>berreoicte</span> <span class='ocrx_word' id='word_1_432' title='bbox 1527 3583 1614 3653; x_wconf 74' lang='lat' dir='ltr'>prime</span> 
     </span>
     <span class='ocr_line' id='line_1_84' title="bbox 1046 3671 1496 3745; baseline 0.009 -19"><span class='ocrx_word' id='word_1_433' title='bbox 1046 3671 1154 3743; x_wconf 84' lang='lat' dir='ltr'>llauyr,</span> <span class='ocrx_word' id='word_1_434' title='bbox 1166 3672 1197 3729; x_wconf 81' lang='lat' dir='ltr'>&#39;et</span> <span class='ocrx_word' id='word_1_435' title='bbox 1212 3675 1277 3729; x_wconf 81' lang='lat' dir='ltr'>cinis</span> <span class='ocrx_word' id='word_1_436' title='bbox 1293 3673 1496 3745; x_wconf 70' lang='lat' dir='ltr'>sociauimus,</span> 
     </span>
     <span class='ocr_line' id='line_1_85' title="bbox 1046 3760 1472 3834; baseline 0.009 -18"><span class='ocrx_word' id='word_1_437' title='bbox 1046 3760 1156 3818; x_wconf 84' lang='lat' dir='ltr'>Coelitos</span> <span class='ocrx_word' id='word_1_438' title='bbox 1169 3762 1249 3817; x_wconf 83' lang='lat' dir='ltr'>clarae</span> <span class='ocrx_word' id='word_1_439' title='bbox 1261 3763 1376 3834; x_wconf 74' lang='lat' dir='ltr'>regionis</span> <span class='ocrx_word' id='word_1_440' title='bbox 1392 3765 1472 3820; x_wconf 83' lang='lat' dir='ltr'>heres</span> 
     </span>
    </p>

    <p class='ocr_par' dir='ltr' id='par_1_37' title="bbox 1117 3850 1344 3924">
     <span class='ocr_line' id='line_1_86' title="bbox 1117 3850 1344 3924; baseline 0.022 -21"><span class='ocrx_word' id='word_1_441' title='bbox 1117 3850 1217 3924; x_wconf 80' lang='lat' dir='ltr'>inclyte</span> <span class='ocrx_word' id='word_1_442' title='bbox 1230 3853 1344 3920; x_wconf 86' lang='lat' dir='ltr'>pollens.</span> 
     </span>
    </p>

    <p class='ocr_par' dir='ltr' id='par_1_38' title="bbox 1047 3943 1655 4197">
     <span class='ocr_line' id='line_1_87' title="bbox 1083 3943 1655 4015; baseline 0.009 -16"><span class='ocrx_word' id='word_1_443' title='bbox 1083 3943 1224 4015; x_wconf 85' lang='lat' dir='ltr'>Promptns</span> <span class='ocrx_word' id='word_1_444' title='bbox 1239 3945 1282 4001; x_wconf 89' lang='lat' dir='ltr'>bic</span> <span class='ocrx_word' id='word_1_445' title='bbox 1296 3954 1416 4002; x_wconf 75' lang='lat' dir='ltr'>riostrum</span> <span class='ocrx_word' id='word_1_446' title='bbox 1437 3945 1538 4001; x_wconf 80' lang='lat' dir='ltr'>licinus</span> <span class='ocrx_word' id='word_1_447' title='bbox 1551 3946 1655 4004; x_wconf 85' lang='lat' dir='ltr'>remitte</span> 
     </span>
     <span class='ocr_line' id='line_1_88' title="bbox 1047 4035 1547 4108; baseline 0.006 -18"><span class='ocrx_word' id='word_1_448' title='bbox 1047 4035 1122 4092; x_wconf 83' lang='lat' dir='ltr'>&#39;l&#39;olle</span> <span class='ocrx_word' id='word_1_449' title='bbox 1134 4036 1301 4108; x_wconf 80' lang='lat' dir='ltr'>languorem,</span> <span class='ocrx_word' id='word_1_450' title='bbox 1314 4037 1400 4094; x_wconf 89' lang='lat' dir='ltr'>tribue</span> <span class='ocrx_word' id='word_1_451' title='bbox 1414 4041 1526 4093; x_wconf 80' lang='lat' dir='ltr'>salutem</span> <span class='ocrx_word' id='word_1_452' title='bbox 1539 4055 1547 4093; x_wconf 80' lang='lat' dir='ltr'>a</span> 
     </span>
     <span class='ocr_line' id='line_1_89' title="bbox 1047 4125 1570 4197; baseline 0.002 -13"><span class='ocrx_word' id='word_1_453' title='bbox 1047 4125 1161 4185; x_wconf 88' lang='lat' dir='ltr'>Coniooi</span> <span class='ocrx_word' id='word_1_454' title='bbox 1175 4129 1289 4197; x_wconf 83' lang='lat' dir='ltr'>bostem,</span> <span class='ocrx_word' id='word_1_455' title='bbox 1308 4128 1398 4185; x_wconf 79' lang='lat' dir='ltr'>releva</span> <span class='ocrx_word' id='word_1_456' title='bbox 1410 4130 1570 4196; x_wconf 68' lang='lat' dir='ltr'>moerorem,</span> 
     </span>
    </p>
   </div>
   <div class='ocr_carea' id='block_1_14' title="bbox 1086 4226 1621 4388">
    <p class='ocr_par' dir='ltr' id='par_1_39' title="bbox 1086 4226 1621 4388">
     <span class='ocr_line' id='line_1_90' title="bbox 1123 4226 1343 4282; baseline -0.014 0"><span class='ocrx_word' id='word_1_457' title='bbox 1123 4228 1207 4282; x_wconf 83' lang='lat' dir='ltr'>Morte</span> <span class='ocrx_word' id='word_1_458' title='bbox 1222 4226 1343 4282; x_wconf 79' lang='lat' dir='ltr'>subicio.</span> 
     </span>
     <span class='ocr_line' id='line_1_91' title="bbox 1086 4318 1621 4388; baseline 0.002 -14"><span class='ocrx_word' id='word_1_459' title='bbox 1086 4318 1203 4374; x_wconf 80' lang='lat' dir='ltr'>Gloriam</span> <span class='ocrx_word' id='word_1_460' title='bbox 1218 4319 1312 4388; x_wconf 83' lang='lat' dir='ltr'>psallat</span> <span class='ocrx_word' id='word_1_461' title='bbox 1322 4318 1431 4388; x_wconf 80' lang='lat' dir='ltr'>clnorus,</span> <span class='ocrx_word' id='word_1_462' title='bbox 1446 4325 1473 4374; x_wconf 88' lang='lat' dir='ltr'>et</span> <span class='ocrx_word' id='word_1_463' title='bbox 1488 4319 1621 4375; x_wconf 85' lang='lat' dir='ltr'>resultet:</span> 
     </span>
    </p>
   </div>
   <div class='ocr_carea' id='block_1_15' title="bbox 1040 4400 1556 4478">
    <p class='ocr_par' dir='ltr' id='par_1_40' title="bbox 1040 4400 1556 4478">
     <span class='ocr_line' id='line_1_92' title="bbox 1040 4400 1556 4478; baseline -0.004 -13"><span class='ocrx_word' id='word_1_464' title='bbox 1040 4400 1165 4466; x_wconf 78' lang='lat' dir='ltr'>&#39;Gloriam</span> <span class='ocrx_word' id='word_1_465' title='bbox 1177 4411 1257 4476; x_wconf 82' lang='lat' dir='ltr'>dicat,</span> <span class='ocrx_word' id='word_1_466' title='bbox 1273 4419 1361 4478; x_wconf 86' lang='lat' dir='ltr'>canat,</span> <span class='ocrx_word' id='word_1_467' title='bbox 1377 4421 1404 4465; x_wconf 87' lang='grc' dir='ltr'>ει</span> <span class='ocrx_word' id='word_1_468' title='bbox 1418 4409 1536 4466; x_wconf 80' lang='lat' dir='ltr'>revolvat</span> <span class='ocrx_word' id='word_1_469' title='bbox 1550 4429 1556 4464; x_wconf 90' lang='lat'>:</span> 
     </span>
    </p>
   </div>
   <div class='ocr_carea' id='block_1_16' title="bbox 1046 4498 1414 4752">
    <p class='ocr_par' dir='ltr' id='par_1_41' title="bbox 1046 4498 1414 4752">
     <span class='ocr_line' id='line_1_93' title="bbox 1046 4498 1414 4556; baseline 0 0"><span class='ocrx_word' id='word_1_470' title='bbox 1046 4499 1154 4556; x_wconf 84' lang='lat' dir='ltr'>Notuiui</span> <span class='ocrx_word' id='word_1_471' title='bbox 1166 4500 1235 4556; x_wconf 87' lang='lat' dir='ltr'>trino</span> <span class='ocrx_word' id='word_1_472' title='bbox 1250 4498 1348 4556; x_wconf 73' lang='lat' dir='ltr'>oerum</span> <span class='ocrx_word' id='word_1_473' title='bbox 1364 4501 1414 4556; x_wconf 83' lang='lat' dir='ltr'>soli</span> 
     </span>
     <span class='ocr_line' id='line_1_94' title="bbox 1117 4592 1350 4649; baseline -0.009 0"><span class='ocrx_word' id='word_1_474' title='bbox 1117 4592 1209 4649; x_wconf 86' lang='lat' dir='ltr'>Sloera</span> <span class='ocrx_word' id='word_1_475' title='bbox 1224 4593 1350 4647; x_wconf 85' lang='lat' dir='ltr'>clament.</span> 
     </span>
     <span class='ocr_line' id='line_1_95' title="bbox 1157 4684 1305 4752; baseline 0.014 -16"><span class='ocrx_word' id='word_1_476' title='bbox 1157 4684 1194 4752; x_wconf 67' lang='lat' dir='ltr'>ri.</span> <span class='ocrx_word' id='word_1_477' title='bbox 1210 4685 1305 4739; x_wconf 83' lang='lat' dir='ltr'>Arueu.</span> 
     </span>
    </p>
   </div>
   <div class='ocr_carea' id='block_1_17' title="bbox 1012 4771 1655 4844">
    <p class='ocr_par' dir='ltr' id='par_1_42' title="bbox 1012 4771 1655 4844">
     <span class='ocr_line' id='line_1_96' title="bbox 1012 4771 1655 4844; baseline 0 -15"><span class='ocrx_word' id='word_1_478' title='bbox 1012 4773 1183 4843; x_wconf 82' lang='lat' dir='ltr'>Supplicotio.</span> <span class='ocrx_word' id='word_1_479' title='bbox 1199 4773 1313 4829; x_wconf 77' lang='lat' dir='ltr'>oremus</span> <span class='ocrx_word' id='word_1_480' title='bbox 1331 4772 1377 4827; x_wconf 74' lang='lat' dir='ltr'>oni</span> <span class='ocrx_word' id='word_1_481' title='bbox 1403 4772 1490 4827; x_wconf 84' lang='lat' dir='ltr'>Patris</span> <span class='ocrx_word' id='word_1_482' title='bbox 1504 4771 1655 4844; x_wconf 75' lang='lat' dir='ltr'>omnipotcr</span> 
     </span>
    </p>
   </div>
   <div class='ocr_carea' id='block_1_18' title="bbox 114 4858 1655 5766">
    <p class='ocr_par' dir='ltr' id='par_1_43' title="bbox 139 4858 1655 5389">
     <span class='ocr_line' id='line_1_97' title="bbox 175 4858 1655 4935; baseline 0.006 -23"><span class='ocrx_word' id='word_1_483' title='bbox 175 4859 331 4931; x_wconf 76' lang='lat' dir='ltr'>Antiphone.</span> <span class='ocrx_word' id='word_1_484' title='bbox 347 4858 428 4914; x_wconf 85' lang='lat' dir='ltr'>Terra</span> <span class='ocrx_word' id='word_1_485' title='bbox 443 4873 477 4914; x_wconf 90' lang='lat' dir='ltr'>ne</span> <span class='ocrx_word' id='word_1_486' title='bbox 490 4858 639 4915; x_wconf 86' lang='lat' dir='ltr'>abscondas</span> <span class='ocrx_word' id='word_1_487' title='bbox 652 4859 809 4931; x_wconf 78' lang='lat' dir='ltr'>singuinem</span> <span class='ocrx_word' id='word_1_488' title='bbox 824 4875 925 4927; x_wconf 87' lang='lat' dir='ltr'>meum,</span> <span class='ocrx_word' id='word_1_489' title='bbox 976 4864 1168 4929; x_wconf 69' lang='lat' dir='ltr'>sericos-olam,</span> <span class='ocrx_word' id='word_1_490' title='bbox 1191 4866 1327 4935; x_wconf 82' lang='lat' dir='ltr'>supplices</span> <span class='ocrx_word' id='word_1_491' title='bbox 1350 4865 1542 4934; x_wconf 77' lang='lat' dir='ltr'>imploromns3</span> <span class='ocrx_word' id='word_1_492' title='bbox 1566 4876 1595 4923; x_wconf 89' lang='lat' dir='ltr'>ut</span> <span class='ocrx_word' id='word_1_493' title='bbox 1609 4883 1655 4923; x_wconf 88' lang='lat' dir='ltr'>noa</span> 
     </span>
     <span class='ocr_line' id='line_1_98' title="bbox 142 4939 1653 5028; baseline 0.003 -22"><span class='ocrx_word' id='word_1_494' title='bbox 142 4966 228 5020; x_wconf 80' lang='lat' dir='ltr'>neom</span> <span class='ocrx_word' id='word_1_495' title='bbox 241 4949 354 5005; x_wconf 74' lang='lat' dir='ltr'>invinius</span> <span class='ocrx_word' id='word_1_496' title='bbox 370 4949 395 5004; x_wconf 90' lang='lat' dir='ltr'>in</span> <span class='ocrx_word' id='word_1_497' title='bbox 410 4960 435 5004; x_wconf 90' lang='lat' dir='ltr'>te</span> <span class='ocrx_word' id='word_1_498' title='bbox 454 4950 539 5006; x_wconf 88' lang='lat' dir='ltr'>locum</span> <span class='ocrx_word' id='word_1_499' title='bbox 561 4951 658 5006; x_wconf 82' lang='lat' dir='ltr'>lstouoi</span> <span class='ocrx_word' id='word_1_500' title='bbox 673 4951 774 5006; x_wconf 88' lang='lat' dir='ltr'>clamor</span> <span class='ocrx_word' id='word_1_501' title='bbox 788 4967 873 5009; x_wconf 91' lang='lat' dir='ltr'>meus.</span> <span class='ocrx_word' id='word_1_502' title='bbox 889 4952 923 5010; x_wconf 88' lang='lat' dir='ltr'>P.</span> <span class='ocrx_word' id='word_1_503' title='bbox 976 4955 1073 5009; x_wconf 73' lang='lat' dir='ltr'>illinisti</span> <span class='ocrx_word' id='word_1_504' title='bbox 1088 4955 1128 5010; x_wconf 85' lang='lat' dir='ltr'>sui</span> <span class='ocrx_word' id='word_1_505' title='bbox 1143 4953 1247 5008; x_wconf 84' lang='lat' dir='ltr'>Domini</span> <span class='ocrx_word' id='word_1_506' title='bbox 1261 4939 1344 5009; x_wconf 83' lang='lat' dir='ltr'>nostri</span> <span class='ocrx_word' id='word_1_507' title='bbox 1360 4954 1424 5010; x_wconf 85' lang='lat' dir='ltr'>lesu</span> <span class='ocrx_word' id='word_1_508' title='bbox 1446 4955 1556 5023; x_wconf 80' lang='lat' dir='ltr'>Christi,</span> <span class='ocrx_word' id='word_1_509' title='bbox 1572 4966 1599 5012; x_wconf 89' lang='lat' dir='ltr'>et</span> <span class='ocrx_word' id='word_1_510' title='bbox 1620 4972 1653 5028; x_wconf 81' lang='lat' dir='ltr'>ps.</span> 
     </span>
     <span class='ocr_line' id='line_1_99' title="bbox 142 5040 1655 5119; baseline 0.003 -24"><span class='ocrx_word' id='word_1_511' title='bbox 142 5042 209 5096; x_wconf 82' lang='lat' dir='ltr'>Ecce</span> <span class='ocrx_word' id='word_1_512' title='bbox 223 5041 250 5094; x_wconf 90' lang='lat' dir='ltr'>in</span> <span class='ocrx_word' id='word_1_513' title='bbox 264 5041 342 5097; x_wconf 87' lang='lat' dir='ltr'>coelis</span> <span class='ocrx_word' id='word_1_514' title='bbox 356 5048 399 5096; x_wconf 91' lang='lat' dir='ltr'>est</span> <span class='ocrx_word' id='word_1_515' title='bbox 418 5040 599 5109; x_wconf 70' lang='lat' dir='ltr'>moerorem,</span> <span class='ocrx_word' id='word_1_516' title='bbox 616 5040 781 5097; x_wconf 88' lang='lat' dir='ltr'>stconscios</span> <span class='ocrx_word' id='word_1_517' title='bbox 806 5057 882 5098; x_wconf 89' lang='lat' dir='ltr'>meua</span> <span class='ocrx_word' id='word_1_518' title='bbox 897 5043 923 5097; x_wconf 92' lang='lat' dir='ltr'>in</span> <span class='ocrx_word' id='word_1_519' title='bbox 975 5045 1124 5099; x_wconf 84' lang='lat' dir='ltr'>cessionem</span> <span class='ocrx_word' id='word_1_520' title='bbox 1154 5044 1244 5100; x_wconf 80' lang='lat' dir='ltr'>Sancti</span> <span class='ocrx_word' id='word_1_521' title='bbox 1269 5044 1394 5114; x_wconf 81' lang='lat' dir='ltr'>mortyris</span> <span class='ocrx_word' id='word_1_522' title='bbox 1415 5046 1457 5101; x_wconf 87' lang='lat' dir='ltr'>sni</span> <span class='ocrx_word' id='word_1_523' title='bbox 1479 5046 1610 5116; x_wconf 85' lang='lat' dir='ltr'>stopbani</span> <span class='ocrx_word' id='word_1_524' title='bbox 1635 5063 1655 5119; x_wconf 77' lang='lat' dir='ltr'>pr</span> 
     </span>
     <span class='ocr_line' id='line_1_100' title="bbox 140 5131 1655 5205; baseline 0.003 -16"><span class='ocrx_word' id='word_1_525' title='bbox 140 5133 265 5189; x_wconf 78' lang='lat' dir='ltr'>excelsis.</span> <span class='ocrx_word' id='word_1_526' title='bbox 288 5134 326 5202; x_wconf 72' lang='lat' dir='ltr'>i.</span> <span class='ocrx_word' id='word_1_527' title='bbox 343 5131 420 5202; x_wconf 61' lang='lat' dir='ltr'>sarno</span> <span class='ocrx_word' id='word_1_528' title='bbox 443 5132 661 5202; x_wconf 76' lang='lat' dir='ltr'>expugnaverunt</span> <span class='ocrx_word' id='word_1_529' title='bbox 685 5148 727 5186; x_wconf 82' lang='lat' dir='ltr'>nnc</span> <span class='ocrx_word' id='word_1_530' title='bbox 750 5133 926 5202; x_wconf 76' lang='lat' dir='ltr'>binrentots</span> <span class='ocrx_word' id='word_1_531' title='bbox 959 5132 1265 5205; x_wconf 68' lang='lat' dir='ltr'>&#39;jnssillcoreoignotum</span> <span class='ocrx_word' id='word_1_532' title='bbox 1289 5135 1325 5205; x_wconf 73' lang='lat' dir='ltr'>ri.</span> <span class='ocrx_word' id='word_1_533' title='bbox 1344 5134 1577 5194; x_wconf 66' lang='lat' dir='ltr'>mammone</span> <span class='ocrx_word' id='word_1_534' title='bbox 1592 5153 1655 5193; x_wconf 92' lang='lat' dir='ltr'>omn</span> 
     </span>
     <span class='ocr_line' id='line_1_101' title="bbox 140 5223 1056 5295; baseline 0.002 -16"><span class='ocrx_word' id='word_1_535' title='bbox 140 5240 216 5280; x_wconf 88' lang='lat' dir='ltr'>mea:</span> <span class='ocrx_word' id='word_1_536' title='bbox 231 5225 331 5281; x_wconf 75' lang='lat' dir='ltr'>etenim</span> <span class='ocrx_word' id='word_1_537' title='bbox 353 5240 406 5279; x_wconf 89' lang='lat' dir='ltr'>nou</span> <span class='ocrx_word' id='word_1_538' title='bbox 427 5223 572 5295; x_wconf 77' lang='lat' dir='ltr'>potuerunt</span> <span class='ocrx_word' id='word_1_539' title='bbox 589 5223 665 5278; x_wconf 88' lang='lat' dir='ltr'>mibi.</span> <span class='ocrx_word' id='word_1_540' title='bbox 682 5223 715 5279; x_wconf 84' lang='lat' dir='ltr'>P.</span> <span class='ocrx_word' id='word_1_541' title='bbox 725 5223 795 5280; x_wconf 79' lang='lat' dir='ltr'>Ecce</span> <span class='ocrx_word' id='word_1_542' title='bbox 810 5226 835 5278; x_wconf 89' lang='lat' dir='ltr'>in</span> <span class='ocrx_word' id='word_1_543' title='bbox 849 5226 925 5283; x_wconf 83' lang='lat' dir='ltr'>omlis</span> <span class='ocrx_word' id='word_1_544' title='bbox 977 5224 1056 5281; x_wconf 85' lang='lat' dir='ltr'>Deus.</span> 
     </span>
     <span class='ocr_line' id='line_1_102' title="bbox 139 5313 1633 5389; baseline 0.003 -17"><span class='ocrx_word' id='word_1_545' title='bbox 139 5316 362 5387; x_wconf 67' lang='lat' dir='ltr'>asr.i.Gtoria,</span> <span class='ocrx_word' id='word_1_546' title='bbox 375 5326 402 5371; x_wconf 88' lang='lat' dir='ltr'>et</span> <span class='ocrx_word' id='word_1_547' title='bbox 415 5316 500 5370; x_wconf 88' lang='lat' dir='ltr'>bonor</span> <span class='ocrx_word' id='word_1_548' title='bbox 513 5314 660 5379; x_wconf 70' lang='lat' dir='ltr'>Patricio.</span> <span class='ocrx_word' id='word_1_549' title='bbox 674 5313 708 5368; x_wconf 85' lang='lat' dir='ltr'>P.</span> <span class='ocrx_word' id='word_1_550' title='bbox 721 5315 787 5370; x_wconf 78' lang='lat' dir='ltr'>Eece</span> <span class='ocrx_word' id='word_1_551' title='bbox 800 5315 826 5371; x_wconf 90' lang='lat' dir='ltr'>in</span> <span class='ocrx_word' id='word_1_552' title='bbox 837 5318 925 5373; x_wconf 78' lang='lat' dir='ltr'>omlis.</span> <span class='ocrx_word' id='word_1_553' title='bbox 975 5321 978 5327; x_wconf 85' lang='grc'><em>“</em></span> <span class='ocrx_word' id='word_1_554' title='bbox 1011 5317 1111 5389; x_wconf 80' lang='lat' dir='ltr'>llyrie.</span> <span class='ocrx_word' id='word_1_555' title='bbox 1143 5317 1255 5374; x_wconf 77' lang='lat' dir='ltr'>eleison.</span> <span class='ocrx_word' id='word_1_556' title='bbox 1292 5319 1328 5389; x_wconf 72' lang='lat' dir='ltr'>A.</span> <span class='ocrx_word' id='word_1_557' title='bbox 1354 5319 1480 5388; x_wconf 82' lang='lat' dir='ltr'>Christe,</span> <span class='ocrx_word' id='word_1_558' title='bbox 1519 5322 1633 5378; x_wconf 75' lang='lat' dir='ltr'>eleison.</span> 
     </span>
    </p>

    <p class='ocr_par' dir='ltr' id='par_1_44' title="bbox 114 5403 1655 5766">
     <span class='ocr_line' id='line_1_103' title="bbox 176 5403 1086 5476; baseline 0.001 -16"><span class='ocrx_word' id='word_1_559' title='bbox 176 5406 275 5461; x_wconf 70' lang='lat' dir='ltr'>mnus.</span> <span class='ocrx_word' id='word_1_560' title='bbox 291 5406 414 5463; x_wconf 76' lang='lat' dir='ltr'>Alleluia.</span> <span class='ocrx_word' id='word_1_561' title='bbox 430 5406 525 5476; x_wconf 74' lang='lat' dir='ltr'>Totigit</span> <span class='ocrx_word' id='word_1_562' title='bbox 548 5405 617 5460; x_wconf 80' lang='lat' dir='ltr'>tibia</span> <span class='ocrx_word' id='word_1_563' title='bbox 638 5421 706 5460; x_wconf 89' lang='lat' dir='ltr'>mea.</span> <span class='ocrx_word' id='word_1_564' title='bbox 724 5405 756 5461; x_wconf 87' lang='lat' dir='ltr'>P.</span> <span class='ocrx_word' id='word_1_565' title='bbox 771 5403 804 5461; x_wconf 76' lang='lat' dir='ltr'>Et</span> <span class='ocrx_word' id='word_1_566' title='bbox 822 5406 926 5475; x_wconf 80' lang='lat' dir='ltr'>aperuit</span> <span class='ocrx_word' id='word_1_567' title='bbox 975 5410 1086 5467; x_wconf 72' lang='lat' dir='ltr'>eleison.</span> 
     </span>
     <span class='ocr_line' id='line_1_104' title="bbox 139 5499 1651 5575; baseline 0.006 -21"><span class='ocrx_word' id='word_1_568' title='bbox 139 5517 169 5556; x_wconf 90' lang='lat' dir='ltr'>ns</span> <span class='ocrx_word' id='word_1_569' title='bbox 188 5516 287 5568; x_wconf 78' lang='lat' dir='ltr'>nisum,</span> <span class='ocrx_word' id='word_1_570' title='bbox 310 5500 385 5556; x_wconf 76' lang='lat' dir='ltr'>oiri:</span> <span class='ocrx_word' id='word_1_571' title='bbox 401 5501 525 5566; x_wconf 80' lang='lat' dir='ltr'>Alleluia,</span> <span class='ocrx_word' id='word_1_572' title='bbox 540 5499 665 5560; x_wconf 80' lang='lat' dir='ltr'>Alleluia.</span> <span class='ocrx_word' id='word_1_573' title='bbox 683 5499 806 5555; x_wconf 79' lang='lat' dir='ltr'>Alleluia.</span> <span class='ocrx_word' id='word_1_574' title='bbox 830 5500 926 5567; x_wconf 59' lang='lat' dir='ltr'>idn·</span> <span class='ocrx_word' id='word_1_575' title='bbox 1011 5503 1141 5575; x_wconf 71' lang='lat' dir='ltr'>capitulo.</span> <span class='ocrx_word' id='word_1_576' title='bbox 1164 5503 1244 5572; x_wconf 83' lang='lat' dir='ltr'>Deus,</span> <span class='ocrx_word' id='word_1_577' title='bbox 1268 5504 1310 5560; x_wconf 84' lang='lat' dir='ltr'>rui</span> <span class='ocrx_word' id='word_1_578' title='bbox 1337 5503 1458 5561; x_wconf 78' lang='lat' dir='ltr'>Ecelosia</span> <span class='ocrx_word' id='word_1_579' title='bbox 1484 5517 1527 5562; x_wconf 86' lang='lat' dir='ltr'>tua</span> <span class='ocrx_word' id='word_1_580' title='bbox 1551 5507 1651 5565; x_wconf 80' lang='lat' dir='ltr'>Sancto</span> 
     </span>
     <span class='ocr_line' id='line_1_105' title="bbox 138 5587 1655 5664; baseline 0.007 -18"><span class='ocrx_word' id='word_1_581' title='bbox 138 5592 234 5662; x_wconf 72' lang='lat' dir='ltr'>«pilisini</span> <span class='ocrx_word' id='word_1_582' title='bbox 260 5591 399 5647; x_wconf 84' lang='lat' dir='ltr'>Dominum</span> <span class='ocrx_word' id='word_1_583' title='bbox 423 5587 522 5655; x_wconf 77' lang='lat' dir='ltr'>meunt,</span> <span class='ocrx_word' id='word_1_584' title='bbox 547 5600 574 5645; x_wconf 85' lang='lat' dir='ltr'>et</span> <span class='ocrx_word' id='word_1_585' title='bbox 594 5592 732 5647; x_wconf 81' lang='lat' dir='ltr'>osnrroirit</span> <span class='ocrx_word' id='word_1_586' title='bbox 757 5605 816 5656; x_wconf 88' lang='lat' dir='ltr'>me;</span> <span class='ocrx_word' id='word_1_587' title='bbox 841 5601 869 5647; x_wconf 86' lang='lat' dir='ltr'>et</span> <span class='ocrx_word' id='word_1_588' title='bbox 892 5609 942 5647; x_wconf 82' lang='lat' dir='ltr'>ea.</span> <span class='ocrx_word' id='word_1_589' title='bbox 976 5593 1093 5663; x_wconf 76' lang='lat' dir='ltr'>pisanum</span> <span class='ocrx_word' id='word_1_590' title='bbox 1112 5595 1258 5664; x_wconf 69' lang='lat' dir='ltr'>morinen</span> <span class='ocrx_word' id='word_1_591' title='bbox 1280 5596 1395 5664; x_wconf 80' lang='lat' dir='ltr'>pronum</span> <span class='ocrx_word' id='word_1_592' title='bbox 1411 5598 1575 5655; x_wconf 81' lang='lat' dir='ltr'>mossissnae</span> <span class='ocrx_word' id='word_1_593' title='bbox 1598 5615 1655 5658; x_wconf 86' lang='lat' dir='ltr'>mar</span> 
     </span>
     <span class='ocr_line' id='line_1_106' title="bbox 114 5681 1655 5766; baseline 0.007 -28"><span class='ocrx_word' id='word_1_594' title='bbox 114 5761 117 5766; x_wconf 19' lang='grc' dir='ltr'><em>Α</em></span> <span class='ocrx_word' id='word_1_595' title='bbox 140 5684 264 5739; x_wconf 80' lang='lat' dir='ltr'>osnmbus</span> <span class='ocrx_word' id='word_1_596' title='bbox 278 5681 490 5741; x_wconf 84' lang='lat' dir='ltr'>tribulationibus</span> <span class='ocrx_word' id='word_1_597' title='bbox 503 5682 603 5753; x_wconf 84' lang='lat' dir='ltr'>cripuit</span> <span class='ocrx_word' id='word_1_598' title='bbox 614 5696 664 5739; x_wconf 90' lang='lat' dir='ltr'>me.</span> <span class='ocrx_word' id='word_1_599' title='bbox 685 5681 716 5737; x_wconf 86' lang='lat' dir='ltr'>P.</span> <span class='ocrx_word' id='word_1_600' title='bbox 735 5683 766 5738; x_wconf 82' lang='lat' dir='ltr'>Et</span> <span class='ocrx_word' id='word_1_601' title='bbox 781 5683 883 5752; x_wconf 67' lang='lat' dir='ltr'>aporuit</span> <span class='ocrx_word' id='word_1_602' title='bbox 893 5701 924 5739; x_wconf 89' lang='lat' dir='ltr'>oa</span> <span class='ocrx_word' id='word_1_603' title='bbox 976 5687 1059 5752; x_wconf 80' lang='lat' dir='ltr'>osolt,</span> <span class='ocrx_word' id='word_1_604' title='bbox 1070 5697 1096 5744; x_wconf 91' lang='lat' dir='ltr'>et</span> <span class='ocrx_word' id='word_1_605' title='bbox 1111 5689 1269 5757; x_wconf 81' lang='lat' dir='ltr'>primitivum</span> <span class='ocrx_word' id='word_1_606' title='bbox 1282 5690 1445 5747; x_wconf 84' lang='lat' dir='ltr'>oblationem</span> <span class='ocrx_word' id='word_1_607' title='bbox 1461 5691 1655 5750; x_wconf 64' lang='lat' dir='ltr'>nunnottnaono</span> 
     </span>
    </p>
   </div>
   <div class='ocr_carea' id='block_1_19' title="bbox 0 0 1904 6228">
    <p class='ocr_par' dir='ltr' id='par_1_45' title="bbox 0 0 1904 6228">
     <span class='ocr_line' id='line_1_107' title="bbox 0 0 1904 6228; baseline 0 0"><span class='ocrx_word' id='word_1_608' title='bbox 0 0 1904 6228; x_wconf 95' lang='lat' dir='ltr'> </span> 
     </span>
    </p>
   </div>
  </div>
 </body>
</html>
