3758 6224
53 369 57 378 ·
94 307 187 422 ‘iam
721 342 936 433 trumentum
956 335 1139 396 oo'ttttuttt.
1680 320 1753 382 test

115 481 158 552 qui
184 476 283 532 nullam
308 471 387 528 eiiam
411 484 486 541 spem
508 466 620 532 bibent,
646 472 675 521 et
695 462 781 519 libera
800 475 850 518 nos
868 460 902 514 de
917 467 941 524 Α
954 469 1030 511 meus
1043 459 1123 524 supra
1137 449 1189 507 orel
1205 448 1302 516 dulcis,
1324 455 1352 503 et
1366 443 1500 501 lterc'ditas
1516 455 1577 497 ntea
1597 454 1682 510 super
1695 455 1753 503 me

118 586 198 627 tnanu
210 566 373 638 iniquorum,
388 573 415 620 et
428 561 492 618 erue
505 575 547 614 me
557 559 573 613 a
584 557 680 612 timere
691 568 762 610 meo.
957 557 986 603 et
999 543 1090 601 iarum
1103 561 1111 599 z
1125 539 1252 599 elementa
1267 554 1325 595 mea
1340 537 1368 592 iu
1387 533 1562 608 generatiene
1574 531 1753 593 saeculorum

156 658 258 714 (iretio.
274 654 384 711 Auxilio
399 649 592 718 mellentino,
608 643 814 712 defendendam,
829 651 906 697 tuen·
933 704 935 709 Α
957 642 1008 707 Qui
1021 641 1104 697 edunt
1128 653 1182 704 me,
1201 636 1288 692 adbuc
1303 634 1422 691 eserient
1439 650 1446 684 ε
1462 638 1490 685 et
1514 629 1560 700 qui
1576 628 1674 684 bibunt
1696 643 1753 683 m-

119 753 234 823 dimque
261 757 379 805 nostram
404 742 595 801 committimus
619 737 850 802 imbecillltitem,
879 740 909 789 ut
958 733 1047 790 adbuc
1066 731 1171 787 sitiunt.
1198 728 1248 797 Qui
1263 726 1373 782 eudiunt
1394 738 1449 789 rue,
1465 737 1518 777 nou
1533 717 1753 820 coniundentu.

119 857 195 901 titum
210 845 255 911 sit,
268 856 318 896 nos
338 836 452 895 credere
466 837 499 891 de
511 832 670 904 muscipulis
685 828 840 901 impierum,
856 840 909 880 cu·
959 833 987 880 et
1002 823 1048 894 qui
1063 819 1209 891 operentur
1221 819 1248 874 in
1265 830 1319 884 me,
1335 830 1389 872 non
1404 820 1526 884 peccam.
1551 809 1603 878 Qui
1616 808 1753 871 electen*

120 935 164 1009 jus
178 935 238 998 luit,
253 928 433 990 venerendam
446 927 574 983 Euleliam
587 940 640 981 nott
651 921 748 980 cedere
760 917 908 976 terreribus
960 928 1016 983 me,
1032 914 1114 968 sitam
1131 909 1261 967 aeternam
1279 905 1463 977 possidebunt.
1483 902 1632 970 demea·

121 1023 353 1098 persequentium
368 1036 400 1077 ac
414 1021 483 1076 sicut
500 1019 574 1075 illam
597 1016 726 1072 atrecitas
746 1028 799 1068 uon
815 1009 911 1066 terruit

123 1113 270 1180 servientis,
282 1112 319 1179 ita
331 1126 383 1166 uon
396 1117 497 1181 queant
506 1106 634 1163 indecere
647 1119 697 1161 nos
707 1101 827 1172 decipula
838 1099 912 1155 obla·

123 1206 235 1272 trentis3
252 1213 282 1259 ut
295 1203 353 1275 ipse
365 1216 434 1258 unus
449 1216 496 1272 per
511 1214 562 1256 nos
576 1199 699 1254 vincatur
713 1197 771 1252 suis
785 1191 912 1249 convitiis

122 1308 150 1355 et
162 1295 299 1353 cicuribus
318 1294 431 1358 cttnctis,
447 1293 492 1363 qui
512 1290 678 1360 expugnetus
698 1296 739 1344 est
761 1297 807 1356 per
828 1279 911 1338 Eule-

123 1391 197 1447 liam.
213 1388 338 1456 passiene
351 1385 504 1455 superente.
526 1383 545 1452 ti
556 1422 565 1438 .
578 1385 675 1439 Amen.

158 1480 209 1533 Per
223 1474 439 1531 misericerdiam
454 1486 536 1529 tuam.

158 1571 197 1623 Ad
223 1568 388 1622 benedictus.
417 1566 575 1636 Antiphone.
603 1561 670 1618 Filia
699 1560 776 1628 Sion,
799 1557 915 1616 benedic

125 1662 240 1718 lietuino
253 1661 307 1716 lieo
323 1657 430 1715 excelso
440 1658 468 1713 in
481 1657 553 1713 omni
569 1653 767 1718 bettceietiene,
781 1660 810 1708 et
821 1649 912 1706 laude.

161 1751 308 1807 Centicnm.
326 1748 485 1804 Benedictus
499 1761 529 1802 es
545 1744 667 1799 bonine.
682 1743 729 1814 [el.
744 1741 772 1798 b.

161 1838 296 1912 [cccxcv]
312 1839 413 1894 Oretio.
439 1839 519 1894 Beata
536 1836 582 1892 liei
599 1835 691 1906 Virgo,
712 1847 773 1904 qum
795 1832 822 1886 in
845 1815 951 1888 sione

125 1933 311 2002 speculatione
334 1932 451 2002 pluriesa
477 1930 627 1999 consistis,
655 1942 738 1998 quam
763 1926 836 1981 Deus
858 1927 917 1994 lpse

129 2025 257 2079 dilexisse
272 2024 399 2090 testetur,
415 2038 449 2079 ex
464 2039 517 2093 quo
532 2022 577 2078 tibi
594 2036 647 2076 non
666 2021 833 2074 recessuram
848 2016 917 2095 ultre

127 2115 339 2171 misericerdiam
355 2115 498 2183 pollicetur
515 2132 521 2167 :
536 2112 569 2168 da
594 2112 672 2168 nobis
687 2109 801 2166 [lemine
816 2108 918 2164 meritis

127 2205 194 2271 suis,
211 2212 240 2258 ut
254 2204 348 2259 amere
373 2203 465 2258 divino
490 2201 646 2272 llagretttes,
661 2201 687 2255 in
702 2199 795 2254 iulitto
817 2196 918 2268 judicto

127 2293 293 2349 ittteniemur
316 2290 466 2347 indemnes.
493 2292 589 2346 Amen.
605 2289 637 2344 Et
656 2288 740 2358 adjbti
765 2286 851 2358 gretie
874 2286 918 2342 di·

127 2381 245 2436 vinitatis
259 2381 339 2445 itlius,
354 2380 400 2451 qui
419 2389 462 2436 cst
472 2379 542 2449 pius,
557 2388 585 2434 et
608 2379 764 2434 misericors
785 2377 813 2434 in
828 2375 917 2434 emnia

127 2474 223 2550 saccula
239 2472 410 2529 sarculetum.
438 2471 476 2540 ri.
492 2473 589 2528 emen.

163 2560 214 2616 Per
228 2559 453 2616 misericerdiam.

163 2647 245 2704 Seno.
265 2648 391 2704 Alleluia.
417 2648 553 2718 Egrederc
581 2656 642 2717 post
667 2648 781 2719 vestigia
807 2665 918 2722 gregum

127 2741 246 2808 tuorum,
261 2742 336 2811 virgo
352 2741 406 2795 iilia
429 2741 509 2808 Sion,
522 2751 550 2797 et
562 2755 641 2810 pasce
652 2755 736 2812 agnos
752 2751 823 2797 tuos.
845 2742 919 2798 ulle·

128 2832 194 2900 litia,
210 2833 329 2898 aileieia,
342 2833 459 2889 alleleia.
481 2833 656 2903 7.elleleia.
685 2833 757 2887 lntrn
770 2834 796 2889 in
812 2835 919 2890 bortum

128 2939 217 2981 meum
232 2940 329 2994 sponsa
344 2941 404 2981 mea
420 2966 428 2994 ,
442 2925 494 2980 illia
509 2927 685 2982 Hierusalem.
708 2926 777 2982 Ecce
789 2925 869 2982 ilores
882 2927 919 2983 tui

127 3015 316 3087 germinibunt
333 3017 360 3071 in
378 3025 488 3073 terram.
505 3015 588 3072 Pasce
598 3016 655 3086 iam
670 3015 741 3072 inter
755 3015 821 3083 lilia,
832 3016 919 3074 donec

128 3108 243 3178 respiret
254 3107 325 3176 dies,
338 3115 367 3163 et
380 3106 556 3163 amoveantur
575 3107 688 3163 otnbroe.

163 3195 265 3252 tanta.
276 3196 394 3253 cantate
410 3196 553 3252 neminum
574 3196 608 3252 ue
621 3197 699 3253 cetu
714 3214 720 3251 :
738 3196 861 3265 straten,
877 3197 918 3254 u-
931 3160 965 3224 θ’

126 3287 206 3341 lcleia
226 3305 233 3341 ι
253 3288 358 3342 laudate
380 3302 442 3344 eum
461 3287 490 3343 in
512 3285 636 3344 excelsis.
647 3287 774 3352 uttetuta,
793 3288 903 3346 alleleia

128 3374 249 3432 Ptulmtts
260 3393 370 3433 cxtsut.

164 3465 252 3520 Lectio
266 3467 325 3521 iibri
340 3465 515 3522 Ecclesiestici
533 3466 681 3524 Salomentt
694 3468 777 3540 (Cup.
793 3467 883 3541 sats).

172 3555 210 3613 ti.
224 3556 278 3609 ileo
291 3556 398 3625 pretias.

166 3644 301 3714 Sapientia
315 3644 432 3700 {audebit
447 3644 564 3701 enimam
585 3661 674 3712 suam,
698 3658 727 3704 et
750 3666 777 3705 tn
805 3650 919 3708 nomino

133 3735 318 3806 bonortbttur,
330 3737 356 3792 in
368 3735 455 3793 medio
471 3736 564 3808 pepuli
587 3740 626 3794 sui
640 3740 807 3810 gloriebitur,
822 3741 849 3797 in
872 3757 919 3799 ec·

130 3824 219 3882 etesiis
239 3826 368 3882 tlltissimi
394 3827 497 3896 aperiet
518 3841 660 3898 ossuum,
683 3838 711 3886 et
733 3831 760 3886 in
774 3829 918 3902 conspectu

135 3917 241 3973 obtutis
256 3917 327 3973 illius
341 3916 525 3983 bonortbttur,
543 3919 570 3972 in
594 3919 686 3977 medio
710 3919 802 3992 pepuli
816 3922 919 3979 exalte·

135 4012 217 4078 bitur,
233 4011 301 4067 etin
317 4012 483 4082 plenitudine
497 4021 588 4068 sancta
608 4015 794 4085 admirebitur,
809 4019 836 4075 in
851 4021 919 4075 mul·

19 4161 21 4167 ¹
135 4099 247 4155 titedine
271 4101 420 4157 eiectemm
439 4100 548 4159 babebit
571 4103 689 4173 laudem,
708 4116 736 4163 ct
755 4108 824 4165 inter
837 4108 918 4167 bere·

131 4189 217 4246 dictos
230 4190 414 4258 benedicetur,
435 4190 530 4250 dicens
552 4195 658 4263 :Quasi
682 4197 779 4254 cedrus
801 4200 917 4257 exaltata

134 4298 193 4339 sum
207 4284 235 4339 in
248 4284 361 4352 bibano,
375 4297 402 4343 et
417 4288 493 4358 qnasi
506 4280 651 4360 cypressus
660 4291 687 4346 in
703 4302 819 4348 montem
832 4293 916 4350 Sion:

133 4373 209 4444 quasi
225 4375 312 4443 palma
331 4377 447 4433 exaltem
461 4393 521 4434 sum
546 4380 572 4435 in
594 4379 691 4450 Codes,
707 4392 735 4439 et
752 4384 829 4455 quasi
844 4385 921 4455 plan·

1297 995 1425 1066 lipntnnr.

1103 1091 1220 1149 tanuen
1246 1087 1334 1144 beetae
1355 1084 1465 1141 Eulaliae

1069 1182 1142 1240 Puro
1161 1182 1290 1239 canimus
1313 1177 1441 1251 pectore:

1068 1277 1153 1347 Quam
1169 1276 1293 1332 cbristus
1313 1275 1383 1328 inter
1402 1268 1538 1339 llertpres

1068 1367 1149 1424 Casto
1164 1367 1281 1424 sacrent
1299 1363 1438 1433 ninguine.

1110 1460 1176 1528 Quas
1198 1458 1289 1515 clausa
1304 1453 1377 1511 duris
1396 1453 1537 1524 pestibus,

1070 1554 1197 1623 interque
1215 1551 1299 1606 iortes
1321 1548 1461 1614 cerdines3

1072 1646 1176 1712 Sontni,
1191 1643 1297 1712 cibique
1309 1632 1409 1696 nescia

1075 1736 1211 1792 Christum
1232 1735 1345 1790 canebat
1366 1731 1489 1803 peruigil.

1105 1827 1201 1884 Custos
1223 1826 1353 1883 tremendi
1376 1825 1487 1881 leminis

1073 1923 1129 1978 Lm
1143 1921 1268 1990 stupebat
1289 1922 1315 1975 in
1336 1918 1452 1976 vinculis

1075 2015 1103 2070 ln
1126 2013 1248 2069 Cerceris
1268 2013 1392 2082 anpestia

1074 2105 1170 2161 Mentis
1187 2104 1271 2160 bcitea
1293 2102 1400 2174 pendia.

1107 2197 1194 2255 tuder
1214 2196 1305 2252 furere
1321 2195 1462 2265 turbidus,

1075 2290 1167 2359 Surgit
1185 2288 1303 2345 cruentis
1325 2287 1464 2354 lencibus,

1078 2380 1113 2435 Et
1127 2380 1248 2451 increpat
1271 2379 1358 2434 noctis
1378 2393 1499 2444 moram,

1074 2468 1200 2526 Sanctam
1218 2467 1329 2524 daturus
1347 2468 1473 2524 bostiam.

1111 2560 1251 2630 lenteque
1272 2562 1361 2632 primo
1379 2560 1492 2619 uerbere

1075 2652 1174 2709 Christi
1195 2653 1287 2709 Puella
1310 2654 1437 2720 caeditttr;

1074 2745 1128 2800 Sed
1148 2745 1310 2800 consecrare
1330 2744 1459 2816 pernegat

1075 2837 1204 2892 libemen
1223 2837 1277 2892 aris
1298 2836 1422 2906 impium.

1111 2929 1186 2986 Tunc
1196 2932 1223 2985 lu
1239 2928 1328 2985 reciso
1341 2930 1434 3000 stipite

1080 3022 1170 3079 Ductis
1186 3023 1212 3077 iu
1228 3023 1311 3077 altum
1331 3019 1466 3090 br'acbiis,

1080 3113 1163 3169 Latus
1184 3112 1282 3168 Puellae
1303 3112 1425 3179 oeditur,

1080 3206 1209 3277 llbdaque
1227 3204 1342 3260 llammis
1359 3203 1458 3260 eritur.

1114 3297 1205 3354 Victor
1224 3295 1323 3352 recedit
1344 3296 1474 3366 spiritus,

1079 3387 1182 3458 Corpus
1196 3386 1350 3458 relinquens
1371 3381 1516 3457 pellidom3

1075 3479 1153 3548 Quod
1176 3479 1234 3550 lepe
1255 3479 1350 3535 mortis
1372 3477 1503 3549 perditum

1076 3571 1197 3629 iledeeat
1210 3571 1244 3628 ad
1263 3572 1345 3627 uitam
1362 3573 1442 3629 Deus.

1113 3663 1172 3719 iam
1185 3662 1239 3732 jam
1257 3663 1340 3733 quieti
1361 3663 1486 3734 psellite,

1078 3753 1205 3826 Patrique
1228 3754 1333 3819 laudem
1349 3753 1448 3822 dieite,

1079 3842 1271 3916 cbristemque
1283 3844 1423 3901 laudemus
1443 3846 1535 3917 pium,

1078 3935 1217 4006 Sitnelque
1239 3935 1366 3990 Sanctum
1381 3935 1527 4006 Spiritum.

1114 4028 1177 4084 llaec
1193 4042 1243 4084 nos
1261 4027 1377 4085 redemit
1396 4029 1532 4096 Trinitas,

1077 4119 1160 4191 Cujus
1180 4120 1305 4191 perennis
1325 4119 1409 4191 gletia

1077 4210 1105 4265 ln
1119 4211 1197 4267 sarcia
1218 4211 1303 4267 nescit
1318 4213 1404 4278 mori,

1080 4301 1176 4358 viteus
1197 4317 1245 4372 per
1260 4317 1339 4360 omne
1356 4302 1499 4359 saeeulum.

1113 4397 1210 4450 Amen.

134 4465 201 4568 titio
219 4479 290 4523 roste
305 4466 332 4523 io
344 4466 453 4524 lericbo
468 4488 475 4525 :
488 4469 570 4539 Quasi
582 4472 653 4528 oliva
664 4473 786 4544 speciem
798 4475 826 4531 iu
845 4489 958 4566 cam-D
1007 4486 1182 4557 Suppliciter.
1197 4486 1311 4543 eremus
1332 4488 1542 4560 Redemptbrern
1570 4496 1674 4562 mundi,
1694 4494 1753 4540 Γ

133 4572 185 4627 prs,
199 4558 312 4626 etpnast
326 4557 450 4627 pletanus
466 4561 575 4618 dilatata
597 4578 656 4620 sum
667 4564 744 4636 juxta
769 4581 865 4638 aquam
890 4569 919 4626 itt
972 4579 1149 4647 tetenderint,
1166 4579 1211 4648 [ot.
1229 4595 1367 4636 cusxrvu.

133 4644 240 4715 plateis.
266 4644 342 4702 Sicut
368 4649 566 4706 cinnamomum
593 4655 760 4725 aspilatbnm
794 4661 921 4717 aromati·
1007 4668 1140 4739 Capitale.
1157 4667 1270 4725 beurine
1284 4670 1348 4727 tesu
1362 4670 1478 4739 Christe,
1493 4675 1538 4729 cui
1555 4674 1631 4732 beata
1655 4663 1753 4731 Eub!

133 4750 199 4793 sans
212 4735 323 4839 oderem
333 4738 395 4795 dedi
411 4757 418 4793 :
433 4741 511 4810 quasi
527 4743 634 4813 myrrlta
653 4745 738 4801 electa
757 4746 818 4804 dedi
830 4750 920 4808 suari·
970 4766 998 4817 et
1012 4759 1087 4830 sirpo
1113 4758 1223 4830 plicuit,
1248 4771 1277 4814 et
1297 4771 1400 4831 martyr
1423 4763 1559 4822 adussit:
1574 4765 1636 4822 dom
1660 4765 1695 4822 tlbl
1730 4764 1753 4802 ⁴

133 4827 217 4882 tatem
231 4826 322 4882 oderis
344 4845 350 4881 :
365 4829 441 4900 quasi
455 4841 556 4896 storax,
571 4840 599 4888 et
615 4832 753 4903 silbanus,
767 4847 795 4894 et
809 4840 919 4911 engela,
973 4850 1047 4921 sirpo
1069 4848 1209 4918 permanet
1231 4860 1326 4918 casta,
1347 4861 1374 4907 et
1389 4867 1438 4922 pto
1451 4862 1479 4910 te
1496 4855 1649 4912 extenditur
1666 4836 1753 4914 ina,

133 4928 161 4974 et
184 4927 268 4989 putta,
290 4928 318 4974 et
334 4921 410 4990 quasi
437 4919 543 4979 libanus
570 4937 623 4978 non
647 4925 772 4985 incensus
792 4933 920 5003 raperere
971 4941 1060 5008 testa;
1082 4942 1144 4996 duna
1163 4940 1210 4997 tibi
1231 4957 1329 5012 corpus
1348 4939 1753 5019 servattnnprnn,etpn1

133 5009 323 5065 babitatiencnt
337 5026 433 5081 meam,
444 5021 471 5067 et
483 5013 558 5082 quasi
572 5015 724 5073 balsamum
740 5033 793 5076 non
807 5024 917 5080 mistum
973 5033 1072 5105 gaudet
1096 5034 1203 5102 engolis
1229 5036 1368 5091 excretum
1392 5053 1401 5092 r
1421 5037 1481 5107 cjtts
1508 5039 1653 5108 pudicitia,
1672 5047 1747 5111 ²¹l⁸

132 5101 200 5157 seor
221 5115 307 5158 meus.
333 5102 389 5174 Ego
402 5104 478 5174 quasi
496 5105 663 5163 terebintltus
687 5110 802 5179 expendi
830 5127 919 5174 mutos
969 5121 1090 5180 sisteris
1119 5123 1228 5191 latens,
1251 5126 1329 5182 nobis
1354 5127 1562 5198 propitiusesse
1584 5130 1701 5203 dignum
1716 5135 1753 5188 w

131 5204 217 5256 meos,
228 5198 255 5245 et
266 5191 333 5246 rami
344 5193 396 5246 mei
409 5191 477 5246 rami
492 5192 603 5250 honeris
617 5196 756 5266 etprinae.
775 5199 831 5270 ego
842 5205 919 5273 quasi
970 5221 998 5268 et
1024 5212 1200 5269 inmunditiae
1228 5226 1328 5271 nostrae
1351 5218 1411 5286 eius
1437 5220 1561 5277 oratiene
1595 5223 1724 5279 abluentur

131 5282 193 5336 vitis
200 5280 356 5337 imctidceti
369 5281 480 5337 oderem
492 5286 767 5345 suavitatis:etuores
776 5291 828 5350 mei
839 5292 920 5350 liores
970 5301 1117 5374 [cccrum]
1139 5315 1167 5360 et
1180 5305 1311 5362 tormenta
1328 5307 1387 5378 ejus
1400 5307 1558 5369 lortitediue
1576 5315 1748 5374 resolventur

132 5372 242 5428 ltorteris
250 5381 277 5428 et
290 5372 446 5430 ltonestiltis.
456 5375 511 5446 Ego
522 5384 609 5434 mater
615 5380 736 5449 pulcbrae
746 5384 911 5455 dilectionis,
1004 5395 1083 5451 Pater
1096 5405 1197 5452 noster.
1214 5396 1331 5454 bibereti
1349 5400 1458 5456 amalo.
1469 5403 1518 5473 [ol.
1535 5403 1563 5459 Ξ.

130 5471 159 5516 ct
173 5462 285 5567 timeris,
313 5464 621 5534 stagnitieuis,sauctac
642 5471 756 5540 speeie
774 5477 918 5549 mepretia
1014 5483 1117 5543 eandm
1145 5485 1220 5543 Sicut
1243 5489 1330 5560 palma
1358 5493 1474 5549 exaltata
1498 5509 1570 5553 sum.
1595 5497 1753 5560 Benedictio.

132 5569 218 5610 omnis
235 5564 296 5611 rttae
309 5565 338 5611 et
353 5556 485 5626 veritatis,
512 5559 539 5616 in
562 5577 605 5618 me
620 5564 709 5628 omnis
730 5581 793 5637 spes
807 5570 869 5626 vita
891 5581 920 5629 et
970 5577 1040 5634 [teus
1055 5578 1193 5634 uirtutum.
1218 5579 1327 5648 llcpnlre
1351 5582 1379 5637 in
1402 5582 1520 5654 vesperis
1543 5590 1751 5658 proecedmtesr.

132 5645 227 5700 virtus.
242 5646 366 5704 Trattslte
380 5649 414 5704 ad
430 5666 472 5707 mc
487 5657 640 5725 omnesqui
660 5658 850 5728 concupiscitis
864 5677 918 5730 me,

174 5736 179 5748 ,
310 5739 330 5751 .,
1211 5669 1245 5726 ln
1263 5675 1367 5729 secerne
1391 5674 1510 5745 Vespere.

134 5748 160 5794 et
172 5751 187 5791 a
199 5741 414 5807 gotterattonibtts
429 5744 496 5800 meis
518 5745 665 5817 implemini
683 5767 692 5806 r
717 5748 832 5820 Spiritus
847 5756 918 5813 enim

1006 5760 1106 5816 eunde.
1123 5759 1243 5818 Lucerna
1259 5763 1369 5833 pedibus
1391 5768 1467 5826 meis.
1478 5769 1526 5841 [ot.
1540 5786 1604 5829 etr.
