3758 6224
726 354 805 410 itini
827 354 1049 412 enzensutct.
1650 360 1703 418 tto

871 471 895 529 Λ
946 465 1064 522 Florebit
1087 464 1236 538 amigdalus
1250 476 1278 524 et
1306 467 1514 540 impinguabitur
1539 471 1641 528 lucusta
1655 491 1662 527 ε
1677 481 1704 529 et

909 560 1081 629 dissipabitur
1094 560 1226 630 capparis.

395 464 511 522 bittit.

234 573 367 616 canrrcmt
386 573 512 614 reserans
532 572 679 613 reuertere.

378 652 500 720 Capitttio
515 652 560 709 st.
598 652 601 656 ’

100 746 255 820 {cxliii
272 746 469 802 Prcrcnersnt.

102 840 167 896 dria.
182 841 233 909 Qui
247 841 305 911 serit
319 842 407 895 smnio
425 841 481 911 ipse
496 840 628 910 stilicus,
648 852 674 897 et
700 841 801 899 itroire!
816 845 859 898 ire·

63 935 161 988 reditas
174 935 241 1000 cias,
257 931 385 988 deminus
398 934 556 989 mutuam
569 949 663 991 nomen
675 943 714 991 est
732 937 780 991 ilii.

100 1023 202 1079 iurabit
221 1023 352 1079 Dominus
370 1026 539 1081 exercituum
552 1038 600 1097 per
614 1027 731 1082 animam
760 1042 858 1083 suom:

62 1119 191 1187 quoniam
206 1117 317 1187 replebo
333 1116 529 1174 teltominibus
543 1119 619 1190 quati
633 1118 715 1176 brom
737 1139 742 1172 :
763 1129 789 1175 et
813 1134 859 1175 su·

64 1224 114 1280 per
126 1217 152 1265 te
169 1209 291 1265 celeuma
303 1208 465 1264 canubitur.

102 1301 153 1369 Qui
173 1300 236 1357 iecit
269 1309 368 1357 terram
387 1302 414 1357 ln
433 1300 590 1359 tortitudine
613 1316 676 1367 toa.
707 1303 860 1374 preparabit

944 651 1075 718 Quoniam
1091 650 1139 707 ibit
1154 650 1236 708 bomo
1254 652 1282 707 in
1295 650 1406 708 domum
1426 653 1578 711 eternitatis
1591 670 1639 713 sne
1653 675 1661 712 ε
1675 669 1704 715 et

909 743 1059 799 circuibunt
1071 745 1097 798 iu
1113 745 1199 814 piures
1210 743 1381 816 plangentes.

945 836 1094 907 Antequam
1119 844 1259 907 rumpatur
1284 836 1355 894 ionis
1378 848 1559 911 argenteuset
1584 852 1704 899 recurrat

909 933 975 984 vitta
985 940 1067 984 aurea
1078 937 1124 984 :et
1134 936 1290 984 conteratur
1302 927 1368 984 idria
1382 942 1463 1000 super
1478 931 1589 998 iontem,
1602 940 1628 988 ct
1643 946 1704 989 cirn-

910 1021 1041 1090 irinpatur
1054 1027 1112 1075 rota
1131 1032 1211 1090 snper
1222 1019 1348 1077 cisterna.

945 1109 977 1167 lit
989 1119 1140 1168 revertatur
1154 1110 1242 1180 pulbis
1262 1111 1399 1168 interram
1425 1125 1501 1167 sunm
1528 1113 1598 1172 unde
1622 1121 1703 1171 erat:

911 1212 938 1259 ot
951 1202 1061 1275 spiritus
1075 1201 1169 1259 redeat
1179 1201 1213 1258 ad
1228 1201 1314 1261 ileum
1329 1202 1375 1273 qui
1386 1201 1460 1259 dedit
1475 1199 1563 1258 illurn.

1250 1308 1367 1369 lxxvi.

1128 1441 1263 1483 cenricus
1283 1442 1316 1481 us
1337 1442 1412 1483 atsto
1429 1443 1486 1485 tos.

1207 1537 1327 1603 Capitale
1350 1538 1392 1594 lb.

948 1643 974 1722 Ξ
988 1647 1089 1705 cittii.
1107 1650 1243 1706 deditam.

99 1759 151 1828 Qui
166 1758 238 1815 lebat
251 1759 336 1818 nubes
347 1762 382 1816 ab
396 1771 516 1819 extrema
531 1774 603 1819 terre
617 1781 623 1817 ι
646 1763 747 1834 fulgura
762 1764 789 1820 in
803 1763 860 1834 plo-
949 1759 1010 1816 Scio
1024 1757 1096 1816 enim
1111 1758 1184 1832 qtrod
1198 1745 1421 1818 redemtor'meur
1431 1761 1513 1818 ririt:
1529 1770 1557 1819 et
1573 1762 1600 1819 lu
1614 1762 1705 1821 nobis·

61 1851 136 1906 biom
153 1851 224 1905 ierit.
875 1834 981 1907 fleimo
998 1850 1114 1908 deterre
1133 1859 1303 1909 surrecturus
1317 1866 1387 1909 tum.

99 1940 150 2006 Qui
162 1939 286 2009 producit
295 1950 390 1996 rentos
402 1941 437 1998 de
446 1945 563 2001 tesauris
576 1943 633 2000 suis
645 1959 651 1998 ε
665 1943 762 2001 stultus
775 1945 860 2003 iactus
948 1942 982 1999 Et
993 1943 1363 2016 rursnsclrcumdabnrpelle
1375 1952 1434 2002 met
1450 1963 1456 1998 ε
1469 1948 1498 2002 et
1513 1947 1632 2021 incante
1647 1960 1706 2004 nico

60 2042 105 2090 est
129 2033 216 2088 otonis
235 2033 317 2089 homo
329 2034 363 2090 ab
376 2033 488 2091 selentia
502 2048 562 2091 sua.
912 2032 1010 2091 ridebo
1024 2033 1108 2092 licum
1122 2050 1202 2106 quem
1216 2035 1325 2093 risurus
1340 2050 1411 2095 suro.

98 2125 231 2182 Conlrtsus
254 2134 298 2182 est
325 2126 412 2184 omnis
437 2128 569 2185 condrion
587 2127 614 2184 in
629 2128 747 2200 sculptili
767 2149 774 2185 ι
798 2133 860 2203 qrtin
948 2124 1005 2198 Epo
1017 2126 1083 2195 ipse,
1099 2136 1126 2181 et
1149 2127 1219 2183 oculi
1234 2126 1286 2183 mei
1311 2129 1480 2200 conspecturi
1495 2139 1579 2185 sunt:
1599 2138 1627 2185 et
1654 2144 1708 2186 oon

61 2217 180 2273 urerrdax
199 2217 326 2277 conflatio
340 2218 399 2274 eius
417 2233 467 2275 nee
479 2228 522 2276 est
548 2222 694 2291 spirltusiu
710 2224 761 2279 cis.
912 2225 954 2274 est
966 2217 1046 2273 alius.

102 2310 176 2365 nnn
188 2310 333 2365 sonuerim
347 2319 469 2380 oporam
486 2310 551 2368 risui
567 2312 647 2385 digna
665 2332 671 2366 ι
697 2315 724 2369 m
740 2324 860 2386 empore
947 2305 1132 2379 sepositam
1148 2309 1198 2364 tm
1218 2322 1279 2379 sors
1296 2322 1354 2365 nea
1369 2309 1395 2364 m
1408 2308 1468 2364 sinu
1491 2322 1552 2366 meo
1566 2325 1573 2362 t
1588 2316 1614 2364 et
1629 2308 1707 2364 bere·

71 2400 237 2458 visitationis
251 2415 300 2457 sue
312 2401 447 2471 peribunt.
913 2401 983 2457 ditos
997 2415 1056 2458 mea
1069 2401 1095 2457 in
1111 2401 1168 2457 lieo
1178 2416 1247 2457 mco.

99 2491 158 2549 lion
175 2494 245 2549 sicut
272 2490 322 2548 laec
335 2506 397 2563 pars
412 2492 513 2550 iacob:
539 2495 600 2565 quia
616 2497 661 2566 oui
683 2497 746 2554 ierit
770 2499 861 2556 omnia
1255 2508 1385 2569 Luxus,

64 2584 124 2656 ipse
142 2593 185 2642 est
199 2586 292 2643 bens:
313 2594 340 2642 et
355 2585 450 2642 Srabol
474 2597 609 2657 sceptrum
633 2587 688 2662 [rc]
705 2590 861 2649 hereditatis
1151 2640 1284 2682 mm„
1303 2641 1471 2683 mmm

62 2676 136 2746 eius,
149 2676 276 2733 Dominus
284 2678 451 2733 exercituum
463 2690 562 2736 nomen
573 2687 615 2736 est
626 2680 676 2736 illi.

419 2769 525 2827 extr.

287 2878 420 2919 carrione
438 2878 643 2922 eernestrsrrcr.

329 2952 451 3026 Capitale
466 2956 497 3012 ll
511 2965 539 3013 et
552 2957 596 3011 la.

103 3040 291 3118 {cxxviiii
314 3046 444 3118 Aripilia.

105 3135 201 3192 Letare
215 3137 320 3194 iubenis
330 3138 356 3194 in
371 3139 553 3197 adulescentia
566 3150 610 3197 tua
625 3160 632 3196 ι
653 3149 680 3198 et
694 3139 722 3196 in
736 3140 815 3199 bonis
825 3142 861 3200 sit

67 3243 118 3283 cor
134 3236 209 3283 tuum
221 3229 246 3283 io
261 3229 356 3286 diebus
369 3230 515 3288 iubentutis
528 3240 583 3288 tue.

102 3315 138 3372 Et
151 3318 256 3375 ambula
271 3320 299 3376 ie
311 3320 360 3377 riis
378 3322 468 3378 cordis
483 3322 520 3377 tul
532 3331 561 3379 et
573 3322 599 3378 ln
611 3323 708 3380 intuitu
719 3324 860 3382 oculorum

66 3423 175 3470 tuorem
190 3430 198 3469 t
213 3417 322 3471 ettcito
339 3419 408 3489 quod
424 3417 525 3488 probis
536 3418 661 3476 omuibus
692 3417 807 3477 adducet
836 3430 863 3479 tc
906 3424 909 3430 '

66 3505 138 3561 bens
152 3506 179 3560 iu
194 3505 300 3561 iudicio.

105 3596 297 3652 duierirama
326 3598 478 3665 cordetuo.
506 3608 533 3655 ct
561 3598 657 3657 amobe
684 3599 814 3657 malitiam
845 3613 861 3656 a

65 3704 150 3746 carue
176 3698 221 3745 tua
249 3709 257 3745 :
291 3692 473 3749 adolescentia
498 3693 617 3752 enimet
645 3694 767 3766 voluptas
794 3709 863 3752 rane

65 3791 141 3836 suut.

102 3869 237 3930 ilemento
260 3872 397 3932 creatoris
412 3876 449 3931 toi
465 3894 472 3930 ε
488 3877 515 3932 iu
530 3877 625 3934 diebus
640 3878 787 3938 iubentutis
806 3888 860 3937 tue.

101 3963 253 4035 Antequam
269 3966 359 4024 renlat
370 3976 474 4039 tempus
483 3967 639 4027 afflictionis
653 3987 660 4026 ε
676 3980 704 4027 et
717 3971 863 4043 adpropin-

66 4067 151 4128 queat
162 4057 226 4115 anui
239 4060 273 4115 de
290 4059 388 4131 polim
398 4059 472 4118 dicas
487 4076 540 4118 noo
555 4061 618 4119 miol
637 4062 754 4133 placent.

103 4150 252 4221 numquam
269 4152 436 4210 tenebrescet
449 4153 500 4220 sol,
529 4164 558 4211 et
580 4154 681 4224 lumen,
695 4166 724 4213 et
745 4155 819 4222 luna,
835 4164 864 4213 et
949 4145 1033 4200 Filius
1046 4142 1145 4197 Patris.

65 4241 147 4298 ,perpe
161 4260 168 4296 :
180 4251 207 4299 οι
225 4254 374 4301 fevam„
388 4245 472 4309 ...pm
486 4255 548 4317 ,θη
561 4245 692 4317 ριυὴῑῃῃ,
948 4235 998 4305 Qui
1012 4234 1082 4291 tollis
1096 4243 1204 4305 peccata
1220 4230 1314 4288 mnudi
1328 4247 1336 4287 t
1351 4233 1480 4289 miserere
1490 4233 1578 4288 nobis.

100 4332 215 4402 omrsdo
229 4334 473 4393 commovebuntur
486 4336 613 4393 custodes
629 4335 736 4407 domur,
752 4345 781 4392 et
799 4350 862 4393 nto·
949 4327 999 4395 Qui
1019 4325 1088 4382 ¹⁰¹¹l⁵
1112 4331 1220 4394 lete-¹¹³
1236 4320 1329 4379 mildi
1346 4341 1352 4376 ³
1369 4322 1475 4393 suscipe
1490 4323 1707 4394 dllffllitlffl

67 4424 195 4481 tabuntor
214 4427 264 4483 riri
288 4427 451 4485 tortissimi:
472 4437 500 4484 et
518 4429 605 4484 otiose
625 4435 705 4482 erunt
728 4425 864 4485 molentes
914 4427 1042 4473 ”wilffi-

65 4517 92 4573 in
106 4519 209 4574 minum
222 4533 344 4576 numero.
877 4550 904 4611 D
953 4520 1003 4588 Qui
1019 4518 1096 4575 sedes
1109 4519 1143 4572 ad
1159 4517 1301 4597 dexteram
1315 4535 1320 4570 ε
1333 4516 1463 4573 miserere
1477 4516 1563 4573 nobis.

101 4608 137 4665 lit
150 4610 335 4670 tenebrescent
345 4613 468 4671 ridentes
474 4627 521 4685 per
533 4614 676 4684 tormina,
690 4623 719 4677 et
730 4612 860 4673 claudent
948 4609 1079 4678 Quoniam
1095 4618 1123 4663 tu
1135 4604 1210 4664 solus
1224 4615 1343 4665 witelai·

66 4701 137 4757 ostia
151 4702 179 4757 in
195 4702 282 4772 platea
299 4718 306 4758 ε
320 4704 347 4759 ln
362 4703 497 4760 umilitate
511 4704 584 4760 vocis
599 4704 737 4762 molentis.
948 4702 989 4758 Tu
1001 4700 1075 4758 solus
1089 4698 1230 4755 Dominus.

100 4790 136 4848 lit
147 4802 312 4867 consurgent
326 4796 359 4852 ad
371 4807 465 4854 rocem
477 4796 594 4853 volucris
609 4846 613 4852 .
634 4804 661 4854 ct
669 4794 862 4854 obsurdescent
950 4795 989 4850 lu
1002 4792 1076 4849 solus
1089 4791 1249 4848 altissimus.

66 4896 161 4939 otnrret
176 4885 230 4941 illie
243 4885 380 4941 carminis.
948 4887 1007 4942 lesu
1017 4883 1134 4941 Cirriste.

103 4974 218 5033 Excelsa
232 4992 341 5049 quoque
358 4979 507 5036 timebunt:
525 4989 552 5036 ct
566 4978 749 5036 lormidabunt
766 4979 792 5036 in
807 4979 860 5035 tia.
949 4976 1017 5035 Cum
1029 4987 1124 5035 sancto
1137 4962 1257 5048 Spiritu:
1275 4976 1302 5031 iu
1313 4974 1396 5046 pluria
1405 4973 1453 5031 Dei
1464 4972 1562 5029 Patris.
1575 4976 1670 5028 Amen.

68 5103 1708 5154 m

246 5252 552 5407 tortum
586 5251 738 5406 nm
772 5252 844 5404 tu
882 5245 1021 5404 olm
1049 5241 1288 5400 litlot
1323 5152 1516 5394 nli

911 5540 1071 5594 lissumsret
1084 5535 1205 5592 terrestri
1221 5541 1359 5605 pastorum
1375 5533 1433 5589 acie
1447 5533 1512 5590 risa.

912 5632 940 5686 ln
955 5631 1038 5687 reteri
1063 5630 1115 5685 ium
1135 5627 1243 5700 quidem
1267 5642 1410 5700 ymnorum
1435 5627 1601 5685 reeulserant
1615 5622 1707 5698 [Forte

62 1394 159 1451 orbem
182 1394 208 1449 in
221 1393 353 1465 sapientia
365 1408 431 1450 sua:
453 1403 481 1452 et
510 1395 653 1466 prudentia
671 1408 719 1451 toa
743 1397 862 1452 extendit
892 1432 899 1441 ·

61 1485 146 1540 celos.

101 1575 187 1630 banse
218 1588 251 1631 eo
284 1588 378 1632 rocem
407 1596 413 1628 :
451 1576 701 1647 multiplicabuntur
732 1590 802 1649 aque
834 1577 861 1634 in

61 1670 134 1726 celo.

1134 2755 1168 2797 D!
1186 2756 1348 2798 M'iiiln'l'ii
1368 2754 1483 2798 tnntsrt.

948 2851 1039 2908 Gloria
1051 2853 1078 2906 in
1088 2853 1203 2910 ercelslt
1216 2854 1281 2911 bro.

949 2942 982 2998 Et
997 2944 1108 3000 interra
1123 2958 1173 3016 par
1189 2945 1341 3003 bominibus
1358 2945 1428 3004 bone
1441 2944 1596 3005 voluntatis.

949 3035 1149 3092 Laudemusne.

948 3129 1135 3186 benedicimus
1146 3142 1182 3186 te.

872 3184 899 3253 c
950 3220 1102 3278 deoramus
1122 3232 1158 3277 tc.

949 3313 1138 3371 Glorlileamus
1149 3325 1184 3371 te.

950 3404 1066 3460 imnum
1081 3404 1195 3461 dicimus
1205 3406 1263 3462 tibi.

948 3499 1052 3556 Gratias
1060 3499 1108 3555 tibi
1119 3499 1241 3571 agimus:
1251 3498 1478 3570 propterploriam
1487 3504 1702 3571 tuamrnapuanr.

950 3591 1062 3649 bomine
1076 3590 1165 3647 licus:
1176 3589 1234 3648 ilex
1247 3591 1365 3649 celestis.

949 3683 1019 3740 bens
1031 3694 1107 3755 pater
1117 3684 1286 3755 omnipotens

950 3773 1062 3831 bomine
1074 3775 1125 3831 Fili
1139 3772 1287 3846 unigenite.

950 3866 1007 3923 lesu
1021 3863 1127 3921 Clariste
1141 3864 1283 3921 altissime.

951 3959 1063 4015 llomine
1073 3956 1155 4014 licius.

949 4052 1040 4121 dgnus
1055 4047 1114 4104 [lei.

270 5540 337 5619 [tet]
359 5539 489 5614 Prolopnt
511 5541 660 5600 Yntnsrttm.

35 5692 45 5706 ,
67 5632 197 5693 Uimeula
212 5633 330 5702 primeva
348 5648 487 5706 ymnorum
502 5632 610 5690 modula
623 5634 694 5691 claro

68 5726 197 5799 drtgellca
211 5736 390 5797 promserunt.
407 5735 534 5785 nascente
550 5726 672 5798 llomluo,
687 5744 732 5785 orn

69 5818 205 5874 l'idelrcet
220 5818 310 5888 paucis
324 5817 410 5875 inlusa
425 5816 520 5874 celitus
532 5816 602 5875 dona

1451 5716 1604 5789 refulserat]
1625 5716 1704 5776 ordo·
1800 5722 1803 5727 ’

914 5816 981 5872 Cum
995 5815 1076 5872 trium
1091 5826 1138 5871 ora
1154 5812 1280 5870 iubenum
1294 5810 1412 5871 lorriacis
1425 5812 1487 5885 igue
1500 5808 1606 5868 devicto
