3772 6232
124 343 194 401 {275

724 328 935 391 enarramus
957 327 1145 391 nortrtcun.
1689 306 1754 388 isar

267 450 311 506 iila
328 449 424 521 perusa
438 449 535 520 quiritis
548 463 627 518 opero

234 540 361 611 llchneri
377 541 493 599 tolerare
506 542 592 610 mora,

234 633 339 706 locoru]
357 632 441 690 liocre
454 634 525 690 iores
538 632 597 690 stne
612 641 679 689 teste
693 639 792 700 morer,

234 721 368 793 Suptaque
382 724 495 777 claustra
511 721 591 793 iuqax
605 720 702 792 aperit,

235 818 300 876 inde
315 833 362 887 per
377 819 447 875 inria
461 818 547 886 carpit
559 817 619 873 iter.

272 907 421 979 ingreditur
434 907 545 978 pudibus
560 906 659 962 laceris

200 1054 207 1063 ,
237 1001 290 1058 l‘er
304 1003 360 1055 loca
375 1009 450 1055 senc
465 999 528 1065 situ,
543 1008 571 1054 et
586 996 719 1069 vepribus,

237 1089 367 1162 hngc'lico
378 1089 502 1145 comitata
516 1089 600 1145 choro
614 1103 623 1145 ι

239 1182 272 1237 Ει
288 1180 349 1237 iicet
362 1174 471 1236 barrida
485 1194 537 1235 nox
551 1179 640 1244 sileat,

240 1271 318 1329 Lucis
334 1270 414 1328 babet
428 1279 517 1327 tamen
530 1268 575 1326 illa
587 1270 692 1325 ducem.

276 1361 320 1419 Sic
335 1361 424 1415 babuit
440 1359 570 1433 generosa
586 1359 694 1414 Patrona

241 1449 329 1506 Turba
344 1449 548 1505 columniferum
563 1447 667 1503 radium
682 1463 689 1499 ι

240 1538 371 1596 scindere
385 1540 429 1606 qui
446 1538 588 1595 tenebrdsa
602 1546 698 1608 potens

243 1627 409 1685 lienteriam
424 1626 483 1685 lace
497 1626 637 1698 perspicua

243 1720 378 1787 Praestitit,
395 1720 545 1775 intereunte
558 1718 642 1773 Chaa.

279 1813 338 1869 Non
353 1812 431 1869 aliter
444 1813 487 1884 pia
499 1811 581 1881 Virgo
594 1811 664 1866 riam

244 1901 328 1958 liocte
342 1904 445 1968 secuta,
459 1901 530 1957 diem
545 1900 653 1966 meruit,

248 1992 304 2049 Nec
319 1992 435 2048 tc'nebris
449 1991 577 2061 adoparta
593 1990 655 2055 ituit,

250 2084 339 2156 ilequa
352 2082 484 2154 Canupica
497 2082 559 2138 cuna
575 2083 687 2152 lugeret,

248 2178 280 2233 Et
293 2192 374 2246 super
387 2184 459 2232 astra
474 2176 579 2245 pararet
594 2175 655 2230 iter.

284 2267 329 2322 llia
342 2267 426 2338 gradu
438 2266 490 2322 cita
503 2264 636 2337 pervigili,

249 2356 330 2412 ilillia
346 2356 426 2412 attrita
442 2356 515 2426 palus
530 2356 644 2427 peragit,

249 2445 333 2514 Qunam
350 2445 423 2514 plaga
440 2445 537 2516 pandat
551 2444 607 2500 idda
621 2445 709 2515 polum
726 2463 731 2498 :

250 2536 326 2592 Manu
340 2536 454 2608 superba
468 2534 608 2591 tribunalia
621 2533 687 2605 adit,

252 2627 380 2682 Fascibus
394 2626 482 2682 adstat
495 2634 523 2683 et
537 2627 563 2681 in
577 2626 682 2683 madiis.

288 2716 442 2772 iociierana
456 2717 491 2771 ita
507 2733 515 2771 τ
529 2715 595 2784 Quis
610 2717 682 2772 luror
696 2724 746 2782 est,

257 2807 373 2863 Pc'rdere
388 2804 535 2877 praecipites
547 2805 664 2872 animas;

257 2898 288 2952 Et
304 2898 373 2954 male
388 2898 497 2968 prodiga
510 2897 590 2953 corda

256 2988 382 3045 Stdrncre
395 2988 519 3045 rasilibus
534 2987 667 3059 scopulum

255 3080 491 3152 omnipatrimque
506 3083 604 3151 negare
619 3081 722 3136 uetanti

289 3173 423 3241 Qunrltis,
438 3173 455 3228 ὸ
469 3171 620 3227 miseranda
637 3188 739 3239 manns,

253 3261 437 3317 Cirristicolum
451 3262 554 3333 qennsl
570 3263 623 3317 En!
639 3276 688 3333 eqo
703 3279 760 3318 sarm

257 3350 417 3408 boemdnicis
430 3353 536 3406 inimica
551 3352 655 3406 sacris:
716 3369 718 3372 ’

256 3443 328 3496 ludia
343 3441 449 3511 prdtcro
464 3441 514 3495 sttb
528 3440 653 3509 pudlbns;

256 3532 376 3596 Pictore,
391 3541 418 3586 ct
430 3546 477 3587 ore
491 3531 573 3585 lienam
588 3529 682 3585 litteor.

290 3621 349 3687 isis,
366 3621 472 3691 dpuiio,
490 3621 580 3676 Venus
594 3619 659 3673 uiltii
674 3628 723 3682 cst,

254 3713 428 3769 Maximianus
442 3723 468 3769 et
482 3713 539 3783 lpse
554 3713 618 3768 nibil
632 3731 639 3766 ε

255 3804 300 3859 liin
317 3804 392 3870 nilril,
408 3806 468 3874 quia
484 3807 552 3860 iacta
568 3820 664 3873 mairiu

258 3896 315 3960 llic,
331 3895 455 3951 marinum
470 3896 531 3967 qnia
548 3897 614 3952 iacta
629 3898 694 3953 colit
709 3916 715 3952 τ

256 3986 361 4043 Friairia
376 3987 498 4055 utraque,
513 3995 541 4043 ct
554 3987 666 4058 utraque
680 3989 753 4043 nibil.

293 4078 466 4132 Maximianus
480 4092 560 4147 opum
576 4078 714 4143 Duminus,

258 4171 292 4226 iit
306 4182 393 4228 tannen
410 4173 465 4241 ipse
480 4173 563 4230 eliens
577 4174 705 4246 lapidum,

257 4263 408 4330 prostituat,
427 4265 573 4335 voveatque
587 4269 642 4323 suis

258 4357 415 4413 Numinibus
428 4366 508 4428 caput
522 4359 580 4427 ipse
595 4376 689 4424 suum;

260 4448 369 4503 i’uetora
385 4463 433 4503 cnr
446 4450 576 4519 generosa
590 4451 692 4520 quatitl

295 4537 352 4592 bur
367 4537 463 4601 barrus,
478 4536 577 4593 arbiter
590 4539 711 4609 egregius

258 4624 392 4694 Sanguine
406 4625 522 4693 pascitur
536 4628 649 4684 innocuo
667 4649 673 4684 :

259 4715 475 4785 corporibusque
489 4716 538 4787 plia
552 4717 667 4786 inhians,

262 4804 368 4860 Viscera
383 4805 472 4862 aubrie
486 4805 624 4872 dilacerat,

261 4894 365 4951 Gaudet
376 4903 404 4952 et
414 4896 570 4952 excruciare
584 4897 672 4952 iidem.

296 4986 364 5056 Ergo
377 4984 426 5056 aqu
439 4993 522 5042 tortor
534 4986 628 5053 adure,
645 5001 718 5053 seca,

263 5076 355 5133 iliaide
369 5077 487 5134 membra
501 5078 592 5134 coacta
608 5080 673 5134 luto.

263 5166 373 5223 Suiaere
387 5181 443 5222 rem
459 5166 588 5238 fragilem,
604 5169 680 5225 laellc
694 5181 752 5232 cst;

262 5258 320 5313 Nou
334 5257 514 5328 penetrabitur
529 5257 634 5313 iniurius

262 5335 418 5418 Exagitanto
432 5347 525 5404 doidre
539 5347 653 5403 animus.

294 5437 403 5494 Talibus
416 5437 518 5494 arcitus
533 5439 560 5494 in
575 5437 658 5494 lurias

262 5529 373 5598 Praetor,
389 5531 441 5597 ait;
457 5530 529 5607 liapc
544 5532 706 5602 precipitem

262 5621 362 5687 uictor,
376 5633 404 5679 et
417 5623 500 5679 abrue
513 5625 649 5695 suppl'ciis
663 5649 671 5681 z

262 5713 362 5770 Sintiat
374 5731 433 5772 esse
447 5717 512 5773 dnos
527 5717 637 5790 patrius,

930 444 955 501 ti
1072 445 1112 502 lie
1127 445 1245 501 tc'rnneai
1258 444 1388 517 Principis
1401 445 1556 516 impurium

1110 537 1195 605 Quam
1208 539 1335 608 cuperem
1350 547 1451 604 tamen,
1465 545 1647 602 aomanorum,

1080 629 1108 685 Si
1126 630 1195 700 potis
1207 645 1236 686 es
1251 630 1378 685 reuocare
1394 638 1465 683 tuam

1079 721 1166 777 Torva
1181 720 1300 776 Pnailula
1315 719 1480 791 amuitiaml

1078 809 1203 881 Respice,
1218 811 1316 884 gaudia
1329 819 1428 882 quanta
1443 818 1540 874 metas,

1080 905 1146 972 Quare
1160 902 1207 960 tibi
1223 903 1275 959 lert
1286 901 1407 959 Genialis
1422 900 1527 957 honori

1097 996 1151 1052 'Te
1165 994 1309 1066 lachrymis
1323 992 1455 1050 labeiaeta
1467 992 1566 1049 domus

1081 1085 1262 1158 Prosequitur,
1277 1086 1437 1157 generisque
1450 1085 1489 1141 tui

1084 1175 1181 1246 ingerit
1195 1175 1275 1231 anxia
1290 1176 1415 1232 nobilitas

1085 1267 1164 1324 Flore
1176 1266 1248 1338 quud
1262 1266 1363 1323 decidis
1377 1266 1404 1322 in
1418 1266 1524 1330 unere.

1083 1355 1208 1412 l’rdxima
1221 1355 1341 1422 datibus,
1356 1366 1383 1412 et
1399 1355 1527 1411 thalamo.

1117 1447 1176 1504 lion
1189 1456 1276 1505 moret
1289 1449 1370 1505 aurea
1383 1462 1479 1518 pompa
1492 1446 1586 1505 tboril

1083 1538 1142 1594 lion
1156 1537 1241 1610 pietas
1253 1539 1405 1596 veneranda
1418 1553 1526 1608 senum,

1085 1628 1159 1696 Quos
1173 1628 1315 1684 temeraria
1330 1628 1473 1684 debilitas!

1089 1716 1158 1773 Ecce
1171 1718 1262 1788 parata
1276 1718 1421 1775 ministe'ria

1089 1807 1128 1863 Ex
1142 1807 1328 1864 cruciabilibus
1340 1808 1437 1866 exitiis.

1122 1898 1175 1953 dut
1188 1897 1275 1968 gladio
1289 1898 1386 1956 feriere
1398 1906 1496 1969 caput;

1090 1989 1145 2044 dut
1155 1989 1291 2047 laniabere
1305 1990 1425 2046 membra
1440 1988 1521 2058 leris;

1089 2083 1141 2136 dut
1155 2080 1256 2138 lucibus
1271 2084 1332 2137 data
1348 2080 1484 2148 iumiircis,

1090 2171 1281 2244 itetntite'rque
1295 2173 1417 2229 ululanda
1433 2174 1486 2229 tuis

1090 2265 1118 2321 in
1132 2264 1237 2322 cineres
1249 2267 1366 2322 resoluta
1379 2265 1455 2321 lines.

1124 2353 1197 2421 ilaec,
1212 2368 1289 2425 roqo,
1305 2356 1364 2424 quis
1379 2354 1455 2411 labor
1468 2362 1510 2410 est
1524 2354 1634 2426 lugere!

1089 2444 1117 2500 Si
1133 2443 1266 2500 mddicum
1280 2444 1343 2500 salis
1355 2444 1491 2514 eminulis,

1092 2532 1191 2589 Thuris
1203 2541 1231 2589 et
1244 2532 1367 2605 exiguum
1382 2534 1475 2605 digitis

1089 2622 1211 2695 ‘langere
1224 2624 1304 2694 Virgo
1318 2625 1433 2696 benigna
1446 2626 1526 2694 velis,

1092 2713 1201 2770 Poenam
1214 2730 1321 2784 gravent
1337 2716 1403 2785 prola
1417 2716 1564 2788 auiuqcris.

1127 2805 1227 2876 llartyr
1236 2805 1269 2860 ad
1281 2806 1341 2873 ista,
1356 2806 1423 2862 nihil
1437 2824 1444 2860 :
1458 2807 1505 2862 sed
1519 2809 1591 2863 enim

1094 2896 1222 2962 lnlremit,
1237 2899 1316 2968 inque
1329 2898 1446 2970 Tyranni
1460 2899 1555 2956 ucuios

1092 2987 1174 3062 sputa
1185 2987 1249 3058 iacit
1263 3006 1269 3041 τ
1283 2989 1444 3045 simulachra
1458 2991 1557 3047 debinc

1092 3076 1218 3146 Dissipat,
1234 3077 1438 3149 impositamque
1454 3082 1554 3135 molam

1094 3167 1246 3224 Thuribulis
1260 3167 1327 3238 pede
1343 3169 1485 3238 prosilivit.

1125 3265 1181 3322 Nec
1195 3280 1279 3331 mora,
1295 3264 1439 3320 carnifices
1452 3264 1551 3335 gumini

1094 3357 1200 3413 Lancea
1214 3357 1319 3427 pc'ctora
1333 3356 1496 3422 dilacerant;

1095 3449 1127 3503 Et
1141 3448 1210 3503 latus
1225 3448 1322 3518 ungula
1341 3447 1494 3519 Virglrreum

1094 3541 1184 3598 Poisat
1198 3542 1351 3610 utrumqne,
1367 3549 1396 3597 et
1409 3540 1442 3596 ad
1459 3555 1521 3597 ossa
1537 3553 1620 3608 secat,

1097 3631 1198 3686 Eulalia
1214 3630 1373 3686 numerante
1388 3642 1474 3687 notas.

1128 3720 1260 3778 Scriberis
1274 3736 1337 3778 cece
1352 3723 1426 3787 rnilti,
1443 3722 1557 3778 buntine

1096 3814 1180 3882 Qunam
1195 3814 1259 3869 iibct
1274 3817 1321 3868 tuos
1335 3813 1426 3884 apices
1441 3815 1541 3884 lugere,

1096 3907 1146 3973 Qni
1162 3915 1217 3972 tua,
1231 3905 1347 3972 Christe,
1365 3907 1481 3974 tropbaea
1499 3916 1605 3974 noiant,

1097 3996 1198 4051 Nomen
1213 4004 1241 4051 et
1255 3996 1311 4065 ipsa
1326 4010 1432 4051 sacrum
1447 3996 1567 4067 luquitur

1097 4087 1216 4155 Plrrpura
1231 4087 1368 4157 sanrrguinis
1383 4086 1473 4144 eliciti.

1133 4178 1194 4233 ilaec
1207 4176 1265 4233 sinu
1280 4178 1386 4234 datibus
1400 4186 1428 4233 ot
1441 4178 1541 4250 gemitu

1098 4270 1168 4324 isaeta
1182 4270 1293 4325 canabat
1305 4279 1333 4326 ci
1346 4269 1475 4341 intrepida
1490 4274 1507 4329 :i

1100 4360 1177 4414 llirns
1190 4361 1264 4415 abest
1279 4359 1357 4416 dolor
1370 4375 1403 4416 ex
1418 4360 1519 4428 animo,

1100 4450 1269 4521 ilambraqnc
1282 4450 1361 4506 tincta
1375 4452 1471 4507 crudre
1486 4467 1569 4517 noro,

1101 4541 1186 4598 Fonte
1200 4549 1288 4598 cotem
1304 4542 1437 4598 recalente
1453 4543 1554 4598 lauant.

1134 4634 1229 4691 Ultima
1245 4635 1396 4691 carnificina
1411 4635 1521 4703 debinc,

1097 4726 1155 4781 Non
1170 4726 1297 4782 laceratio
1313 4726 1434 4782 ruiniiica

1097 4816 1184 4872 Gratia
1197 4832 1292 4887 genua,
1309 4831 1359 4873 nec
1373 4817 1446 4872 arata
1461 4819 1551 4883 cutis;

1101 4905 1230 4973 Flamma,
1245 4908 1292 4961 sed
1308 4907 1424 4977 undique
1440 4908 1613 4976 lampadibus

1015 5049 1018 5053 ,
1101 4996 1129 5049 ln
1144 4995 1238 5058 latera,
1253 4997 1473 5067 stomachumque
1489 4999 1562 5053 itrrit.

1136 5082 1251 5156 [cccxci]
1267 5083 1353 5139 Crinis
1368 5093 1396 5140 ct
1409 5085 1476 5141 odor
1489 5087 1559 5144 utin
1573 5089 1683 5161 jugulos

1104 5176 1239 5242 Fluxerat,
1254 5175 1396 5233 involitans
1412 5178 1544 5248 hameris,

1101 5267 1159 5334 Qud
1174 5266 1325 5337 pudibunda
1339 5267 1478 5338 pudicitia,
1541 5285 1543 5288 ⁴

1102 5356 1293 5426 Virgineusque
1307 5355 1386 5412 lateat
1401 5357 1498 5429 bonos,

1099 5445 1226 5516 ic'gnrine
1241 5444 1348 5501 verticis
1362 5446 1499 5518 oppbsito.

1136 5534 1253 5591 Flamma
1267 5549 1378 5605 crepans
1390 5537 1461 5592 uolat
1473 5536 1501 5592 in
1515 5536 1629 5606 ficiem,

1102 5627 1202 5696 i'orqne
1213 5640 1303 5680 cumas
1318 5627 1448 5697 vegetata,
1465 5641 1546 5699 capnt

1103 5716 1229 5786 Occupat,
1244 5715 1424 5787 exasperatque
1436 5717 1541 5789 apicem
1562 5743 1570 5775 ;
