3758 6224
119 296 126 312 “
139 294 210 354 ludu

599 292 760 353 utriculi
780 290 884 353 ultttts
904 290 1053 353 ttttctttls
1073 292 1279 354 PRAEClPUAE.

1681 281 1760 364 'imo

122 413 238 483 -gdurmt
250 409 320 466 sicut
330 409 456 480 splendor
467 408 627 465 urmsmdnti
643 425 650 464 s
667 408 699 464 Ρ.
714 408 826 465 Etslcot
834 407 920 463 stelle
934 412 958 467 Α
972 405 1016 460 din
1040 404 1171 461 mstutins
1197 420 1283 474 oenus
1293 404 1326 460 sd
1338 414 1454 462 noctem.
1475 406 1658 478 i.Sostinult
1671 410 1760 468 inimo

136 504 196 563 cccli
213 506 239 559 in
255 502 383 574 perpetus
395 503 554 559 aeternitlte.
577 503 616 569 u.
632 500 676 556 isti
690 512 751 556 sunt
765 501 920 565 rirlssnoti‚

135 581 204 666 quos
218 595 298 666 clepit
310 593 439 650 [luminis
454 590 571 666 [cussis]
585 593 613 647 in
635 590 765 647 cusritite
779 604 832 645 non
847 590 919 655 llctn,

135 695 165 741 et
187 686 282 743 eurum
305 684 427 740 doctrinu
451 686 534 756 lulget
559 683 688 751 Ecclesia,
702 690 732 738 ut
750 683 831 737 solet
846 681 918 737 luna.

135 776 171 830 Ρ.
188 777 222 830 ut
235 778 313 830 sicut.
336 777 352 844 p
366 816 372 831 .
388 774 489 839 Gloria,
501 784 529 829 et
543 775 637 829 honor.
658 774 691 829 P.
704 773 738 829 ut
752 775 831 829 sicut.

172 864 272 920 dirutis.
285 867 391 920 Clrriste
406 865 453 920 llci
470 864 563 932 Filius,
577 866 621 935 qui
638 865 752 921 Sanctus
775 875 836 921 tuos
854 863 918 920 llll.

134 957 291 1028 presciens,
317 967 379 1012 ante
400 958 492 1012 mnndi
507 958 726 1014 coristitotiunenr
743 974 790 1014 etis
802 958 878 1030 eligis
893 970 921 1014 et

123 1051 161 1104 'in
175 1047 328 1117 exemplum
341 1056 462 1103 nostrum
475 1048 517 1104 llic
529 1063 576 1103 eos
587 1049 729 1105 constituis
744 1072 750 1103 ;
767 1049 810 1105 loe
823 1053 858 1104 lts
871 1066 920 1105 nos

133 1139 286 1194 suncturum
324 1136 404 1194 N.N.
441 1140 633 1209 Episcopurum
664 1150 692 1196 et
727 1143 918 1199 coniecturum

132 1231 341 1300 predicamento
367 1230 526 1286 obedientes
541 1231 658 1289 existere
672 1250 679 1300 ;
704 1242 734 1289 ut
748 1222 919 1306 ndriptlun'em

132 1322 248 1375 lliiurum
263 1330 324 1391 post
336 1331 456 1376 nostrum
475 1322 579 1378 uultum
591 1326 752 1382 mereumur.
772 1325 809 1396 ri.
823 1329 919 1383 umen.

168 1413 220 1468 Per
234 1411 455 1468 misericurdiom.

426 1524 457 1580 ln
477 1527 618 1584 Lucidiim.

101 1628 105 1633 ·
168 1596 207 1648 Ad
231 1595 375 1654 Cdnticunr.
392 1598 549 1665 distipuono.
579 1600 628 1667 Qui
656 1615 765 1670 propris
783 1603 920 1660 volunlule

972 511 1030 551 ntes
1058 496 1243 563 intemetum
1259 495 1381 552 [lumine.
1403 497 1573 555 Flentsures
1597 509 1649 556 ture
1674 503 1761 559 inteni-

971 589 1066 644 ddntes
1077 590 1103 644 in
1112 591 1259 645 orationem
1271 591 1374 646 sncillse
1384 602 1447 647 trie.
1458 591 1490 646 Ρ.
1502 592 1633 662 usquead
1644 604 1761 652 noctem.

1007 679 1102 735 Sonos.
1116 680 1239 737 Alleluia.
1254 682 1367 736 Psallam
1382 682 1485 737 numini
1497 691 1554 750 tuo,
1571 684 1652 752 ileos,
1668 688 1694 740 io
1708 702 1760 740 sae·

972 770 1045 836 criln3
1071 769 1105 825 P.
1127 771 1162 827 tn
1177 773 1286 828 reddam
1299 782 1360 828 voto
1373 790 1431 828 mon
1446 774 1481 829 de
1494 775 1539 830 die
1549 775 1575 830 in
1590 777 1670 832 ulem.
1687 777 1761 832 ulle·

971 858 1035 913 luio.
1056 861 1072 928 p
1086 901 1092 913 .
1109 861 1244 916 licduslsti
1258 878 1300 916 me
1317 863 1439 925 Domine,
1451 864 1511 933 qrrln
1524 865 1608 919 luctus
1619 881 1648 923 es
1662 867 1760 922 liducin

971 964 1029 1004 ntes
1045 968 1052 1004 s
1068 951 1149 1006 torris
1163 952 1329 1007 lortituuinls
1346 952 1361 1008 u
1376 952 1445 1008 lucie
1456 953 1568 1009 inimici.
1585 955 1717 1012 tunneto
1732 960 1759 1010 in

970 1042 1123 1097 sorrctuurio
1138 1051 1184 1097 tuo
1198 1042 1272 1097 lleus
1286 1044 1312 1097 in
1328 1045 1435 1097 ssecinln.
1453 1044 1486 1098 Ρ.
1506 1045 1539 1100 Ut
1554 1044 1666 1102 reddam
1684 1056 1758 1102 rote.

1006 1132 1162 1202 Antiphone.
1179 1131 1298 1189 Ostende
1311 1133 1375 1186 milri
1388 1133 1483 1189 iuciem
1500 1146 1571 1190 tuom
1582 1137 1656 1203 Sion,
1671 1146 1761 1194 einos

970 1234 1014 1281 tus
1043 1222 1069 1279 in
1088 1223 1197 1280 uuriuus
1212 1225 1279 1280 meis
1295 1243 1302 1278 ε
1318 1225 1404 1279 dulcis
1416 1237 1458 1281 est
1469 1228 1540 1281 euim
1557 1228 1622 1282 milri
1638 1244 1688 1286 ror
1701 1237 1757 1295 tun,

969 1326 997 1369 et
1012 1315 1091 1372 licies
1106 1325 1150 1370 tos
1165 1315 1273 1372 decors.
1295 1317 1332 1386 γ.
1349 1318 1416 1371 Aureli
1434 1318 1497 1382 illio,
1509 1319 1759 1386 etriue‚etincliun

970 1421 1060 1462 niuem
1090 1418 1162 1461 tunm
1186 1424 1193 1462 :
1218 1416 1246 1463 et
1267 1407 1427 1463 obliviscere
1439 1409 1549 1463 domum
1562 1410 1644 1479 patris
1660 1411 1709 1466 tui.
1721 1409 1757 1467 Ρ.

971 1498 1062 1554 Dulcis
1075 1510 1127 1556 cst.
1151 1502 1188 1571 γ.
1205 1499 1309 1568 Gloria,
1321 1509 1349 1556 et
1359 1501 1454 1556 honor.
1473 1502 1505 1556 Ρ.
1521 1502 1612 1558 Dulcis
1622 1513 1675 1558 est.

1004 1593 1163 1661 Antiphone.
1189 1594 1268 1665 Virgo
1283 1596 1573 1665 prudentissimeque
1587 1595 1760 1666 propiores

130 1685 265 1741 obtulistis
286 1703 336 1742 ros
346 1689 508 1756 discrimini·
520 1689 671 1746 benedicite
686 1691 840 1760 Delminum,
857 1711 920 1750 nor·
968 1685 1044 1754 '1¹¹aii
1057 1685 1153 1740 illffifi
1167 1685 1246 1740 limi
1259 1686 1394 1742 fillum?
1406 1686 1471 1740 ¹⁴⁸ffi²
1484 1686 1559 1751 55⁰¹'2
1574 1695 1629 1742 ¹⁰¹²
1642 1686 1758 1743 f⁰f¹¹¹⁶⁸²

129 1776 222 1831 runtes
233 1778 351 1846 justitias
364 1780 423 1850 ejus
434 1791 461 1837 et
472 1783 638 1839 clementiam
655 1788 681 1841 in
693 1788 774 1844 lortes
789 1788 880 1846 isreel.
937 1759 997 1834 ¹³0¹
1009 1780 1099 1833 luitis
1113 1793 1152 1835 0³·
1169 1778 1280 1836 Pulchr-l
1296 1781 1407 1844 ullum·
1429 1790 1456 1836 et
1479 1779 1565 1836 electi
1583 1789 1613 1835 lli
1635 1780 1689 1836 ⁵⁰¹·
1718 1780 1759 1845 Ρ·

165 1867 309 1923 Cdntiesm.
321 1870 371 1937 Qui
387 1872 481 1941 sponte
495 1872 638 1931 obtulistis.
654 1877 675 1947 i.
688 1891 778 1934 contin.

166 1959 206 2011 Ad
215 1957 376 2015 Benedictus.
389 1962 545 2034 dntipuono.
554 1963 655 2031 Sancti,
667 1969 814 2024 etlrutulies
824 1968 916 2038 eorde,

129 2045 240 2114 spiritus
254 2057 281 2104 et
293 2048 389 2105 unimus
399 2051 544 2121 justorum.
561 2055 712 2113 benedicite
725 2056 880 2118 [luminum.

164 2137 309 2195 Cdnticons.
325 2142 483 2200 ttenetluns
497 2160 526 2201 es
538 2146 659 2203 [lumine.
675 2150 721 2220 [sl.
739 2149 766 2206 6.

164 2230 248 2285 Seno.
263 2232 385 2288 Alleluia.
402 2235 429 2289 lu
443 2250 552 2293 omnem
565 2247 675 2294 terrem.
700 2239 794 2306 Qsoere
807 2245 875 2298 retro
888 2243 916 2298 in

132 2318 251 2390 idsperis
266 2326 473 2391 procedentibus.

166 2411 265 2470 uusde.
281 2414 399 2471 Lsrrdtte
411 2416 553 2473 numinum
566 2418 600 2475 ue
615 2418 692 2477 omlis
704 2421 818 2479 Alleluia
836 2440 842 2478 :
860 2425 917 2482 lno-

127 2503 192 2558 dute
202 2518 264 2559 erem
276 2506 301 2560 ln
313 2506 436 2562 excelsis.
452 2510 574 2565 Alleluia.
591 2509 712 2566 Psslnrus
726 2529 835 2571 crustu.

189 2592 278 2648 Lectio
291 2596 350 2650 liiri
365 2595 507 2669 Sapientior
521 2600 669 2657 Solomonis
683 2602 760 2676 (Gap.
776 2608 864 2677 retr.)

169 2685 208 2746 ri.
222 2687 277 2743 ileo
290 2688 400 2758 grisias.

162 2775 271 2831 lioltsm
282 2779 395 2848 pluriam
409 2779 474 2836 lecit
495 2782 623 2839 llummns
633 2786 829 2856 magnillcdntil
840 2790 915 2845 suun

126 2867 237 2922 seculo.
263 2869 436 2928 uonntntirne
457 2873 484 2928 in
513 2877 689 2944 potcstutlltus
704 2879 778 2946 stris,
794 2868 916 2937 homines

128 2959 217 3026 magni
245 2961 352 3028 uirtute,
373 2972 401 3018 et
419 2964 559 3030 prudentiis
572 2969 619 3022 sul
632 2967 746 3037 prediti,
762 2970 915 3028 ottntiuntes

128 3049 154 3103 in
169 3050 300 3118 uiguitute
312 3055 514 3123 propheticum,
529 3067 556 3112 et
569 3058 731 3129 imperuntes
745 3060 772 3114 iu
787 3061 914 3132 presenti

124 3141 236 3207 ssceulo,
260 3152 287 3198 et
314 3145 413 3199 uirtute
439 3146 590 3215 prudentior
615 3146 721 3219 pupulis
744 3150 913 3210 secretissima

126 3233 218 3288 rerba.
243 3233 271 3288 ln
296 3235 408 3304 puerilis
431 3251 478 3291 sus
495 3237 662 3308 requirentes
676 3240 770 3297 modos
784 3242 912 3311 musicos,

125 3334 154 3379 ot
168 3324 309 3380 nutrientes
321 3327 439 3382 curminn
454 3330 658 3398 seriptnrurnm.
673 3330 773 3387 Omnes
783 3331 913 3390 diritesin

126 3415 239 3481 virtute,
256 3415 462 3484 pulchritudinis
472 3419 591 3474 studium
604 3419 732 3477 innitentes
747 3439 754 3477 :
772 3421 914 3492 pucillcitn·

127 3516 169 3559 tes
197 3508 222 3560 in
247 3507 371 3565 durnniuus
394 3513 460 3565 suis.
485 3512 586 3568 Omnes
598 3513 642 3568 isti
659 3514 685 3569 in
696 3516 914 3584 generationibus

124 3599 212 3665 gentis
226 3613 280 3654 rue
292 3599 404 3671 plurium
416 3601 505 3672 adepti
519 3611 593 3667 sunt,
605 3615 634 3660 et
650 3605 676 3660 in
690 3604 784 3662 diebus
795 3607 851 3663 suis
863 3605 913 3663 ue·

126 3692 224 3748 tunsus
236 3695 263 3748 ln
277 3693 409 3750 liiudilsus.
426 3697 477 3762 Qui
490 3697 524 3753 de
536 3698 589 3753 illis
600 3698 733 3767 natitent,
747 3700 914 3773 relioudmnt

125 3800 224 3841 nomen
239 3787 382 3844 nsrruntes
393 3788 484 3845 leudes
495 3791 588 3847 eurum
604 3811 610 3846 ε
627 3805 654 3849 et
664 3802 848 3865 suntquoruro
859 3812 912 3852 non

123 3885 166 3927 est
175 3875 304 3931 memoris
316 3895 321 3930 :
333 3877 470 3948 perierunt
478 3881 553 3949 qussi
566 3896 618 3936 oon
628 3880 741 3938 luerint:
750 3892 778 3940 et
788 3885 842 3939 nstl
851 3894 914 3940 sunit

123 3969 203 4037 sponsi
231 3985 284 4025 non
312 3970 377 4037 nuti,
399 3980 428 4028 et
442 3970 488 4027 ulii
505 3973 624 4042 ipsorum
640 3975 701 4029 enm
715 3975 790 4047 ipsis.
806 3977 858 4032 Sed
870 3974 913 4033 illi

123 4061 175 4115 uiri
190 4060 377 4118 misericurdcs
404 4073 487 4130 sunt,
509 4078 622 4134 qnorum
639 4065 723 4135 pletss
738 4080 790 4122 non
806 4067 911 4124 uetuit:

124 4161 153 4207 ct
167 4168 227 4210 com
247 4154 350 4209 sumine
364 4155 482 4225 ipsorum
495 4156 669 4224 perseverant
683 4158 764 4227 bons,
778 4156 914 4216 umdditss

122 4246 253 4314 nepotum
271 4246 389 4312 illorum.
402 4258 430 4303 et
445 4248 471 4304 in
483 4248 650 4306 testamentis
659 4252 734 4309 stetit
747 4266 840 4312 semen
855 4254 914 4311 illu·

122 4352 205 4402 rum;
223 4344 253 4392 et
278 4338 324 4393 lilii
346 4338 454 4394 illusum
469 4341 655 4411 propnerillos
671 4345 778 4415 :usone
792 4345 819 4403 lo
832 4336 913 4404 srtrss

122 4442 187 4482 nom
206 4429 324 4485 mentiris
345 4445 437 4486 semen
462 4433 578 4488 eurum:
605 4441 634 4490 et
646 4434 733 4507 pluris
751 4438 846 4494 eurum
857 4455 951 4523 nono

121 4518 333 4590 derelinquitur.
346 4520 466 4593 Cdrpors
488 4525 582 4580 eurum
597 4525 624 4581 io
638 4541 704 4596 paee
718 4530 822 4600 sepulto
836 4539 911 4600 sont,

120 4619 150 4665 et
163 4622 264 4668 nemen
273 4612 368 4669 eurum
384 4615 504 4673 manduit
529 4616 557 4672 in
570 4618 746 4690 pensatione
758 4630 786 4678 st
795 4636 911 4695 genens·

120 4700 208 4758 tiuns.
223 4700 388 4773 Ssptdotlsnr
403 4704 523 4777 lpsurnn
551 4718 663 4766 nsrrsnt
686 4708 791 4787 pupuli,
816 4702 915 4775 stlssss

968 1868 1018 1923 l'er
1032 1870 1101 1925 diem
1115 1869 1157 1924 sol
1169 1884 1221 1924 non
1233 1879 1292 1925 nret
1303 1879 1339 1934 te,
1353 1883 1442 1940 neqrre
1455 1869 1516 1922 lunn
1526 1884 1572 1935 per
1588 1878 1705 1924 noctem.
1722 1867 1757 1924 Ρ.

967 1959 1034 2015 'loto
1049 1959 1177 2016 lormdss.
1187 1959 1205 2029 5
1217 1998 1224 2014 .
1234 1958 1336 2024 Gluris,
1345 1961 1473 2015 etlnonnr.
1484 1956 1517 2012 Ρ.
1526 1958 1640 2014 l’ulclrrs
1651 1959 1758 2014 ullum.

1002 2070 1104 2128 Laudo.
1119 2072 1247 2142 Speclusn
1258 2069 1327 2127 iacta
1342 2087 1383 2140 es,
1395 2083 1422 2127 et
1432 2072 1557 2129 sulrisin
1567 2071 1672 2129 deliciis
1683 2073 1758 2129 tuis:

967 2165 1092 2221 Alleluia.
1121 2164 1296 2222 Pulclnritlldo
1319 2175 1361 2220 tut
1380 2164 1478 2223 similis
1492 2175 1534 2222 est
1549 2167 1644 2236 polmae
1655 2166 1757 2223 indesi-

967 2259 1056 2315 nentis
1076 2258 1103 2314 in
1131 2259 1298 2330 plenitudine
1324 2258 1466 2314 einritutis.
1493 2260 1619 2326 Alleluia,
1636 2259 1755 2324 alleluiu,

967 2351 1083 2408 alleluia.
1116 2351 1155 2422 ᾗ.
1180 2349 1269 2406 Laude
1285 2348 1452 2406 llierussiem
1468 2350 1610 2407 [luminum
1630 2361 1680 2408 :et
1692 2366 1758 2408 con·

968 2442 1046 2499 liudo
1063 2443 1145 2500 ileum
1157 2451 1231 2499 tuum
1242 2444 1317 2501 Sion.
1332 2441 1365 2498 Ρ.
1377 2443 1564 2501 Puleurlttldo.
1584 2441 1716 2516 5.Glurls
1728 2453 1757 2501 et

968 2538 1064 2593 uonor.
1081 2536 1291 2592 i’.l’ulcuritudo
1302 2546 1356 2594 tuo.

1002 2626 1104 2683 Lanita.
1131 2626 1228 2694 specte
1248 2637 1276 2682 et
1289 2627 1488 2697 pulchritudine
1499 2626 1544 2681 tus
1555 2625 1673 2690 irntuntle,
1691 2624 1756 2697 pru·

966 2718 1045 2790 spcrd
1069 2718 1195 2791 procede,
1210 2727 1236 2774 et
1247 2732 1339 2790 regins,
1354 2716 1482 2784 tlteltu,
1498 2716 1617 2783 alleluia,
1632 2717 1755 2772 elleluls.

974 2813 1011 2882 p.
1036 2811 1148 2882 Propter
1172 2810 1311 2866 veritutem
1334 2807 1617 2874 otmonsoetudinem‚
1639 2807 1756 2880 etJustl·

968 2903 1030 2956 tism
1044 2918 1051 2956 s
1066 2912 1094 2957 et
1108 2901 1224 2957 deducet
1238 2910 1264 2956 te
1278 2900 1388 2975 [cesus]
1403 2900 1560 2958 mlrnlsilitur
1572 2899 1685 2957 dextero
1699 2909 1756 2957 tua.

967 2990 1001 3048 Ρ.
1026 2991 1146 3059 lntunde,
1170 2992 1308 3065 pruspcrd.
1342 2990 1493 3065 minicio,
1508 3002 1536 3050 et
1548 2991 1644 3050 honor.
1658 2991 1693 3048 Ρ.
1708 2992 1758 3050 ΑΙ·

927 3105 951 3170 c
967 3086 1058 3155 leluin,
1073 3087 1191 3155 alleluia,
1207 3088 1325 3144 alleluiu.

1295 3202 1424 3274 iipmnus.

1071 3311 1187 3385 Virginis
1198 3311 1300 3377 Proles.
1314 3312 1463 3385 opiferque
1477 3315 1581 3383 lintris,

1035 3405 1116 3475 Virgo
1129 3421 1208 3475 quern
1220 3407 1313 3476 gessit,
1325 3406 1483 3477 peperitque
1494 3405 1592 3477 iit-pm

1037 3495 1154 3566 Virginis
1167 3495 1266 3552 lestum
1281 3496 1414 3564 dolosus,
1428 3497 1591 3570 tropheum,

1142 3589 1241 3657 Accipe
1252 3598 1352 3643 votum.

1072 3677 1134 3735 llec
1146 3688 1188 3733 tua
1206 3679 1286 3750 llirgo
1299 3680 1399 3750 duplici
1412 3680 1490 3736 licitu

1033 3771 1122 3837 Sorte,
1139 3771 1202 3826 unm
1213 3773 1297 3841 pessit
1310 3773 1432 3843 uigilem
1442 3773 1553 3830 domlre

1033 3860 1159 3931 iiorpnrls
1172 3877 1276 3927 sescum,
1290 3863 1394 3918 dumult
1403 3862 1546 3919 cruuntutu

1141 3952 1262 4020 Gurpore
1272 3955 1394 4009 seclum.
1477 4002 1485 4015 ,

1068 4043 1132 4099 indu
1144 4060 1192 4100 nec
1204 4056 1329 4112 mortem.
1343 4063 1393 4102 nce
1403 4049 1487 4104 smlcs
1499 4051 1591 4104 mortis

1034 4134 1111 4192 Sena
1126 4137 1264 4204 pressurum
1278 4137 1377 4207 ponere
1389 4139 1547 4208 moderere,

1033 4226 1169 4298 sunguine
1184 4228 1243 4284 iuso
1256 4229 1355 4284 micuit
1368 4229 1504 4286 secretum

1137 4320 1275 4379 eminuere
1287 4323 1398 4379 cmlum.

1071 4411 1155 4482 llujns
1168 4412 1291 4480 obtentu,
1309 4415 1379 4472 Deus
1390 4415 1471 4479 elme.
1483 4417 1583 4472 nostris

1035 4504 1118 4562 l‘srcs
1125 4506 1181 4576 jem
1195 4507 1291 4576 euripis,
1303 4507 1366 4564 ritis
1381 4508 1540 4577 remittens,·

1033 4595 1092 4664 ano
1106 4595 1153 4651 tibi
1167 4597 1224 4663 puri
1240 4599 1394 4654 resonemus
1405 4600 1504 4655 almum

970 4710 976 4719 ·
1142 4686 1263 4745 Pictoris
1275 4689 1416 4761 hymnum.

1072 4777 1164 4836 Gloria
1180 4781 1263 4848 Patri,
1274 4783 1425 4852 genitorque
1440 4782 1522 4847 Proll,

904 4912 911 4923 .
1033 4869 1068 4927 Et
1080 4871 1127 4927 tibi
1142 4886 1252 4943 comper
1264 4874 1404 4942 utriusque
1418 4872 1526 4943 sempdr

909 4994 917 5013 -ι
1032 4964 1149 5036 Spiritus
1164 4964 1247 5030 sinte,
1264 4964 1334 5021 Deus
1348 4980 1417 5019 unus
1432 4962 1507 5019 omni

1135 5054 1270 5128 Tempore
1284 5056 1367 5112 secli.

906 5120 911 5128 ι
997 5146 1094 5202 Amen.

972 5256 1172 5331 denticulis.
1194 5258 1307 5318 uremur
1326 5261 1525 5332 redempturem
1548 5268 1642 5325 monui
1664 5267 1754 5321 uorsu-

960 5362 1026 5407 m
1047 5360 1168 5407 mtrem
1187 5349 1280 5407 desum
1294 5351 1441 5419 (inustum,
1458 5354 1603 5409 cumomni
1617 5354 1753 5426 supplies·

960 5438 1039 5497 luiso
1048 5462 1053 5475 ·
1061 5438 1207 5513 mumuss
1231 5451 1260 5496 ut
1271 5457 1318 5512 per
1328 5441 1442 5515 pristiam
1454 5444 1549 5515 ipsius,
1565 5455 1593 5502 et
1605 5462 1657 5518 per
1669 5447 1754 5503 inter·

960 5532 1112 5592 murem
1136 5533 1304 5592 intemerite
1318 5536 1445 5609 ploriusae
1460 5539 1623 5596 beatissimae
1637 5540 1755 5613 Virginis

960 5622 1053 5683 locist
1075 5625 1214 5697 mltrlcls
1243 5640 1309 5696 soe,
1324 5637 1352 5684 et
1364 5639 1464 5687 sancte
1475 5630 1512 5686 N.
1526 5629 1638 5704 virginis
1650 5632 1749 5689 etndr'·

991 5716 1042 5793 41,
1056 5720 1135 5779 nbis
1144 5722 1259 5780 militem
1273 5721 1370 5782 intime
1382 5734 1410 5782 ct
1421 5724 1554 5798 eurporis,
1575 5736 1603 5784 et
1616 5728 1753 5785 rennissld·
